@article{Ghil1981,
    title = {{A climate model with cryodynamics and geodynamics}},
    year = {1981},
    journal = {Journal of Geophysical Research},
    author = {Ghil, Michael and Le Treut, Hervé},
    number = {C6},
    pages = {5262},
    volume = {86},
    url = {http://doi.wiley.com/10.1029/JC086iC06p05262},
    doi = {10.1029/JC086iC06p05262},
    issn = {0148-0227}
}

@article{Pollard1983,
    title = {{A coupled climate-ice sheet model applied to the Quaternary Ice Ages}},
    year = {1983},
    journal = {Journal of Geophysical Research},
    author = {Pollard, David},
    number = {C12},
    pages = {7705},
    volume = {88},
    url = {http://doi.wiley.com/10.1029/JC088iC12p07705},
    doi = {10.1029/JC088iC12p07705},
    issn = {0148-0227}
}

@article{Haine2002,
    title = {{A Generalized Transport Theory: Water-Mass Composition and Age}},
    year = {2002},
    journal = {http://dx.doi.org/10.1175/1520-0485(2002)032<1932:AGTTWM>2.0.CO;2},
    author = {Haine, Thomas W. N. and Hall, Timothy M.}
}

@article{Haine2002b,
    title = {{A Generalized Transport Theory: Water-Mass Composition and Age}},
    year = {2002},
    journal = {Journal of Physical Oceanography},
    author = {Haine, Thomas W. N. and Hall, Timothy M. and Haine, Thomas W. N. and Hall, Timothy M.},
    number = {6},
    month = {6},
    pages = {1932--1946},
    volume = {32},
    url = {http://journals.ametsoc.org/doi/abs/10.1175/1520-0485%282002%29032%3C1932%3AAGTTWM%3E2.0.CO%3B2},
    doi = {10.1175/1520-0485(2002)032<1932:AGTTWM>2.0.CO;2},
    issn = {0022-3670}
}

@article{Thomas2015,
    title = {{A lagrangian method to isolate the impacts of mixed layer subduction on the meridional overturning circulation in a numerical model}},
    year = {2015},
    journal = {Journal of Climate},
    author = {Thomas, Matthew D. and Tr??guier, Anne Marie and Blanke, Bruno and Deshayes, Julie and Voldoire, Aurore},
    number = {19},
    pages = {7503--7517},
    volume = {28},
    doi = {10.1175/JCLI-D-14-00631.1},
    issn = {08948755},
    keywords = {Atm/Ocean Structure/Phenomena, Circulation/Dynamics, Convection, General circulation models, Lagrangian circulation/transport, Meridional overturning circulation, Models and modeling, Oceanic mixed layer}
}

@article{Saltzman1984,
    title = {{A Model of the Internal Feedback System Involved in Late Quaternary Climatic Variations}},
    year = {1984},
    journal = {Journal of the Atmospheric Sciences},
    author = {Saltzman, Barry and Sutera, Alfonso and Saltzman, Barry and Sutera, Alfonso},
    number = {5},
    month = {3},
    pages = {736--745},
    volume = {41},
    url = {http://journals.ametsoc.org/doi/abs/10.1175/1520-0469%281984%29041%3C0736%3AAMOTIF%3E2.0.CO%3B2},
    doi = {10.1175/1520-0469(1984)041<0736:AMOTIF>2.0.CO;2},
    issn = {0022-4928}
}

@article{Sarmiento1984,
    title = {{A new model for the role of the oceans in determining atmospheric PCO2}},
    year = {1984},
    journal = {Nature},
    author = {Sarmiento, J. L. and Toggweiler, J. R.},
    number = {5960},
    month = {4},
    pages = {621--624},
    volume = {308},
    publisher = {Nature Publishing Group},
    url = {http://www.nature.com/doifinder/10.1038/308621a0},
    doi = {10.1038/308621a0},
    issn = {0028-0836}
}

@article{Stommel1957,
    title = {{A survey of ocean current theory}},
    year = {1957},
    journal = {Deep Sea Research (1953)},
    author = {Stommel, Henry},
    pages = {149--184},
    volume = {4},
    publisher = {Elsevier},
    doi = {10.1016/0146-6313(56)90048-X},
    issn = {01466313}
}

@article{Bryan1979,
    title = {{A water mass model of the world ocean}},
    year = {1979},
    journal = {Journal of Geophysical Research},
    author = {Bryan, K. and Lewis, L. J.},
    number = {C5},
    pages = {2503–2517},
    volume = {84},
    isbn = {0148-0227},
    doi = {10.1029/JC084iC05p02503},
    issn = {2156-2202},
    keywords = {http://dx.doi.org/10.1029/JC084iC05p02503, doi:10.}
}

@article{VanSebille2013,
    title = {{Abyssal connections of Antarctic Bottom Water in a Southern Ocean State Estimate}},
    year = {2013},
    journal = {Geophysical Research Letters},
    author = {Van Sebille, Erik and Spence, Paul and Mazloff, Matthew R. and England, Matthew H. and Rintoul, Stephen R. and Saenko, Oleg A.},
    number = {10},
    pages = {2177--2182},
    volume = {40},
    isbn = {1944-8007},
    doi = {10.1002/grl.50483},
    issn = {00948276},
    keywords = {Antarctic Bottom Water, Deep ocean circulation, Lagrangian trajectories, Southern Ocean}
}

@article{Munk1966,
    title = {{Abyssal recipes}},
    year = {1966},
    journal = {Deep Sea Research and Oceanographic Abstracts},
    author = {Munk, Walter H.},
    number = {4},
    pages = {707--730},
    volume = {13},
    isbn = {1600117471},
    doi = {10.1016/0011-7471(66)90602-4},
    issn = {00117471},
    arxivId = {cs/9605103}
}

@article{Munk1966b,
    title = {{Abyssal recipes}},
    year = {1966},
    journal = {Deep Sea Research and Oceanographic Abstracts},
    author = {Munk, Walter H.},
    number = {4},
    pages = {707--730},
    volume = {13},
    isbn = {1600117471},
    doi = {10.1016/0011-7471(66)90602-4},
    issn = {00117471},
    arxivId = {cs/9605103}
}

@article{Munk1966c,
    title = {{Abyssal recipes}},
    year = {1966},
    journal = {Deep Sea Research and Oceanographic Abstracts},
    author = {Munk, Walter H.},
    number = {4},
    pages = {707--730},
    volume = {13},
    publisher = {Elsevier},
    doi = {10.1016/0011-7471(66)90602-4},
    issn = {00117471}
}

@article{Munk1998,
    title = {{Abyssal recipes II: energetics of tidal and wind mixing}},
    year = {1998},
    journal = {Deep Sea Research Part I: Oceanographic Research Papers},
    author = {Munk, Walter and Wunsch, Carl},
    number = {12},
    pages = {1977--2010},
    volume = {45},
    publisher = {Pergamon},
    doi = {10.1016/S0967-0637(98)00070-3},
    issn = {09670637}
}

@article{Polzin2009,
    title = {{An abyssal recipe}},
    year = {2009},
    journal = {Ocean Modelling},
    author = {Polzin, Kurt L.},
    number = {4},
    pages = {298--309},
    volume = {30},
    doi = {10.1016/j.ocemod.2009.07.006},
    issn = {14635003}
}

@article{Ferrari2014,
    title = {{Antarctic sea ice control on ocean circulation in present and glacial climates.}},
    year = {2014},
    journal = {Proceedings of the National Academy of Sciences of the United States of America},
    author = {Ferrari, Raffaele and Jansen, Malte F and Adkins, Jess F and Burke, Andrea and Stewart, Andrew L and Thompson, Andrew F},
    number = {24},
    month = {6},
    pages = {8753--8},
    volume = {111},
    publisher = {National Academy of Sciences},
    url = {http://www.ncbi.nlm.nih.gov/pubmed/24889624 http://www.pubmedcentral.nih.gov/articlerender.fcgi?artid=PMC4066517},
    doi = {10.1073/pnas.1323922111},
    issn = {1091-6490},
    pmid = {24889624},
    keywords = {Southern Ocean, carbon cycle, ice age, ocean circulation, paleoceanography}
}

@article{St.Laurent2001,
    title = {{Buoyancy Forcing by Turbulence above Rough Topography in the Abyssal Brazil Basin*}},
    year = {2001},
    journal = {Journal of Physical Oceanography},
    author = {St. Laurent, Louis C. and Toole, John M. and Schmitt, Raymond W.},
    number = {12},
    month = {12},
    pages = {3476--3495},
    volume = {31},
    doi = {10.1175/1520-0485(2001)031<3476:BFBTAR>2.0.CO;2}
}

@article{Marshall2012,
    title = {{Closure of the meridional overturning circulation through Southern Ocean upwelling}},
    year = {2012},
    journal = {Nature Geoscience},
    author = {Marshall, John and Speer, Kevin},
    number = {3},
    pages = {171--180},
    volume = {5},
    publisher = {Nature Publishing Group},
    url = {http://dx.doi.org/10.1038/ngeo1391},
    isbn = {1752-0894},
    doi = {10.1038/ngeo1391},
    issn = {1752-0894}
}

@article{Marshall2012b,
    title = {{Closure of the meridional overturning circulation through Southern Ocean upwelling}},
    year = {2012},
    journal = {Nature Geoscience},
    author = {Marshall, John and Speer, Kevin},
    number = {3},
    pages = {171--180},
    volume = {5},
    publisher = {Nature Publishing Group},
    url = {http://dx.doi.org/10.1038/ngeo1391},
    isbn = {1752-0894},
    doi = {10.1038/ngeo1391},
    issn = {1752-0894},
    pmid = {27582222}
}

@article{Paris2013,
    title = {{Connectivity Modeling System: A probabilistic modeling tool for the multi-scale tracking of biotic and abiotic variability in the ocean}},
    year = {2013},
    journal = {Environmental Modelling and Software},
    author = {Paris, Claire B. and Helgers, Judith and van Sebille, Erik and Srinivasan, Ashwanth},
    pages = {47--54},
    volume = {42},
    publisher = {Elsevier Ltd},
    url = {http://dx.doi.org/10.1016/j.envsoft.2012.12.006},
    isbn = {1364-8152},
    doi = {10.1016/j.envsoft.2012.12.006},
    issn = {13648152},
    pmid = {15003161},
    arxivId = {arXiv:gr-qc/9809069v1},
    archivePrefix = {arXiv},
    eprint = {9809069v1},
    primaryClass = {gr-qc},
    keywords = {Biotic variability, Inertial motion, Lagrangian, Multi-scale, Open-source, Probabilistic}
}

@article{Tziperman2006,
    title = {{Consequences of pacing the Pleistocene 100 kyr ice ages by nonlinear phase locking to Milankovitch forcing}},
    year = {2006},
    journal = {Paleoceanography},
    author = {Tziperman, Eli and Raymo, Maureen E. and Huybers, Peter and Wunsch, Carl},
    number = {4},
    month = {12},
    volume = {21},
    url = {http://doi.wiley.com/10.1029/2005PA001241},
    doi = {10.1029/2005PA001241},
    issn = {08838305},
    keywords = {Milankovitch, glacial cycles, phase locking}
}

@article{Peltier1995,
    title = {{Coupled energy-balance/ice-sheet model simulations of the glacial cycle: A possible connection between terminations and terrigenous dust}},
    year = {1995},
    journal = {Journal of Geophysical Research},
    author = {Peltier, W. Richard and Marshall, Shawn},
    number = {D7},
    pages = {14269},
    volume = {100},
    url = {http://doi.wiley.com/10.1029/95JD00015},
    doi = {10.1029/95JD00015},
    issn = {0148-0227}
}

@article{Ghil1994,
    title = {{Cryothermodynamics: the chaotic dynamics of paleoclimate}},
    year = {1994},
    journal = {Physica D: Nonlinear Phenomena},
    author = {Ghil, Michael},
    number = {1-3},
    month = {10},
    pages = {130--159},
    volume = {77},
    url = {http://linkinghub.elsevier.com/retrieve/pii/0167278994901317},
    doi = {10.1016/0167-2789(94)90131-7},
    issn = {01672789}
}

@book{Talley2011,
    title = {{Descriptive physical oceanography : an introduction}},
    year = {2011},
    author = {Talley, Lynne D. and Pickard, George L. and Emery, William J. and Swift, James H. (Oceanographer)},
    pages = {555},
    publisher = {Academic Press},
    isbn = {9780750645522}
}

@incollection{Olbers1989,
    title = {{Determining Diffusivities from Hydrographic Data by Inverse Methods with Applications to the Circumpolar Current}},
    year = {1989},
    booktitle = {Oceanic Circulation Models: Combining Data and Dynamics},
    author = {Olbers, Dirk and Wenzel, Manfred},
    pages = {95--139},
    publisher = {Springer Netherlands},
    url = {http://www.springerlink.com/index/10.1007/978-94-009-1013-3_3},
    address = {Dordrecht},
    doi = {10.1007/978-94-009-1013-3{\_}3}
}

@article{VanSebille2012,
    title = {{Does the vorticity flux from Agulhas rings control the zonal pathway of NADW across the South Atlantic?}},
    year = {2012},
    journal = {Journal of Geophysical Research: Oceans},
    author = {Van Sebille, Erik and Johns, William E. and Beal, Lisa M.},
    number = {5},
    pages = {1--12},
    volume = {117},
    doi = {10.1029/2011JC007684},
    issn = {21699291},
    keywords = {Agulhas rings, North Atlantic Deep Water, vorticity dynamics, water mass pathways}
}

@article{Mahowald1999,
    title = {{Dust sources and deposition during the last glacial maximum and current climate: A comparison of model results with paleodata from ice cores and marine sediments}},
    year = {1999},
    journal = {Journal of Geophysical Research: Atmospheres},
    author = {Mahowald, Natalie and Kohfeld, Karen and Hansson, Margaret and Balkanski, Yves and Harrison, Sandy P. and Prentice, I. Colin and Schulz, Michael and Rodhe, Henning},
    number = {D13},
    month = {7},
    pages = {15895--15916},
    volume = {104},
    url = {http://doi.wiley.com/10.1029/1999JD900084},
    doi = {10.1029/1999JD900084},
    issn = {01480227}
}

@article{Huybers2006,
    title = {{Early Pleistocene Glacial Cycles and the Integrated Summer Insolation Forcing}},
    year = {2006},
    journal = {Science},
    author = {Huybers, Peter},
    number = {5786},
    volume = {313},
    url = {http://science.sciencemag.org/content/313/5786/508}
}

@article{DeBoer2007,
    title = {{Effect of global ocean temperature change on deep ocean ventilation}},
    year = {2007},
    journal = {Paleoceanography},
    author = {de Boer, A. M. and Sigman, D. M. and Toggweiler, J. R. and Russell, J. L.},
    number = {2},
    month = {6},
    volume = {22},
    url = {http://doi.wiley.com/10.1029/2005PA001242},
    doi = {10.1029/2005PA001242},
    issn = {08838305},
    keywords = {ocean ventilation, paleoclimate}
}

@article{Gent2016,
    title = {{Effects of Southern Hemisphere Wind Changes on the Meridional Overturning Circulation in Ocean Models}},
    year = {2016},
    journal = {Annual Review of Marine Science},
    author = {Gent, Peter R.},
    number = {1},
    month = {1},
    pages = {79--94},
    volume = {8},
    url = {http://www.annualreviews.org/doi/10.1146/annurev-marine-122414-033929},
    doi = {10.1146/annurev-marine-122414-033929},
    issn = {1941-1405}
}

@article{Ledwell1993,
    title = {{Evidence for slow mixing across the pycnocline from an open-ocean tracer-release experiment}},
    year = {1993},
    journal = {Nature},
    author = {Ledwell, James R. and Watson, Andrew J. and Law, Clifford S.},
    number = {6439},
    month = {8},
    pages = {701--703},
    volume = {364},
    publisher = {Nature Publishing Group},
    url = {http://www.nature.com/doifinder/10.1038/364701a0},
    doi = {10.1038/364701a0},
    issn = {0028-0836}
}

@article{Jouzel1993a,
    title = {{Extending the Vostok ice-core record of palaeoclimate to the penultimate glacial period}},
    year = {1993},
    journal = {Nature},
    author = {Jouzel, J. and Barkov, N. I. and Barnola, J. M. and Bender, M. and Chappellaz, J. and Genthon, C. and Kotlyakov, V. M. and Lipenkov, V. and Lorius, C. and Petit, J. R. and Raynaud, D. and Raisbeck, G. and Ritz, C. and Sowers, T. and Stievenard, M. and Yiou, F. and Yiou, P.},
    number = {6436},
    month = {7},
    pages = {407--412},
    volume = {364},
    publisher = {Nature Publishing Group},
    url = {http://www.nature.com/doifinder/10.1038/364407a0},
    doi = {10.1038/364407a0},
    issn = {0028-0836}
}

@article{Jouzel1993,
    title = {{Extending the Vostok ice-core record of palaeoclimate to the penultimate glacial period}},
    year = {1993},
    journal = {Nature},
    author = {Jouzel, J and Barkov, N I and Barnola, J M and Bender, M and Chappellaz, J and Genthon, C and Kotlyakov, V M and Lipenkov, V and Lorius, C and Petit, J R and Raynaud, D and Raisbeck, G and Ritz, C and Sowers, T and Stievenard, M and Yiou, F and Yiou, P},
    number = {6436},
    month = {7},
    pages = {407--412},
    volume = {364},
    url = {http://dx.doi.org/10.1038/364407a0}
}

@article{Huybers2009,
    title = {{Feedback between deglaciation, volcanism, and atmospheric CO2}},
    year = {2009},
    journal = {Earth and Planetary Science Letters},
    author = {Huybers, Peter and Langmuir, Charles},
    number = {3-4},
    month = {9},
    pages = {479--491},
    volume = {286},
    url = {http://linkinghub.elsevier.com/retrieve/pii/S0012821X09004166},
    doi = {10.1016/j.epsl.2009.07.014},
    issn = {0012821X}
}

@article{Polzin1995,
    title = {{Finescale Parameterizations of Turbulent Dissipation}},
    year = {1995},
    journal = {Journal of Physical Oceanography},
    author = {Polzin, Kurt L. and Toole, John M. and Schmitt, Raymond W. and Polzin, Kurt L. and Toole, John M. and Schmitt, Raymond W.},
    number = {3},
    month = {3},
    pages = {306--328},
    volume = {25},
    url = {http://journals.ametsoc.org/doi/abs/10.1175/1520-0485%281995%29025%3C0306%3AFPOTD%3E2.0.CO%3B2},
    doi = {10.1175/1520-0485(1995)025<0306:FPOTD>2.0.CO;2},
    issn = {0022-3670}
}

@article{Maier-Reimer1993,
    title = {{Geochemical cycles in an ocean general circulation model. Preindustrial tracer distributions}},
    year = {1993},
    journal = {Global Biogeochemical Cycles},
    author = {Maier-Reimer, Ernst},
    number = {3},
    month = {9},
    pages = {645--677},
    volume = {7},
    url = {http://doi.wiley.com/10.1029/93GB01355},
    doi = {10.1029/93GB01355},
    issn = {08866236}
}

@article{Paillard2001,
    title = {{Glacial cycles: Toward a new paradigm}},
    year = {2001},
    journal = {Reviews of Geophysics},
    author = {Paillard, Didier},
    number = {3},
    month = {8},
    pages = {325--346},
    volume = {39},
    url = {http://doi.wiley.com/10.1029/2000RG000091},
    doi = {10.1029/2000RG000091},
    issn = {87551209}
}

@article{Broecker1982,
    title = {{Glacial to interglacial changes in ocean chemistry}},
    year = {1982},
    journal = {Progress in Oceanography},
    author = {Broecker, Wallace S.},
    number = {2},
    month = {1},
    pages = {151--197},
    volume = {11},
    url = {http://linkinghub.elsevier.com/retrieve/pii/0079661182900076},
    doi = {10.1016/0079-6611(82)90007-6},
    issn = {00796611}
}

@article{Curry2005,
    title = {{Glacial water mass geometry and the distribution of {$\delta$} <sup>13</sup> C of {$\Sigma$}CO <sub>2</sub> in the western Atlantic Ocean}},
    year = {2005},
    journal = {Paleoceanography},
    author = {Curry, W. B. and Oppo, D. W.},
    number = {1},
    month = {3},
    pages = {n/a-n/a},
    volume = {20},
    url = {http://doi.wiley.com/10.1029/2004PA001021},
    doi = {10.1029/2004PA001021},
    issn = {08838305},
    keywords = {ice age, ocean chemistry, ocean circulation}
}

@article{Sigman2000,
    title = {{Glacial/interglacial variations in atmospheric carbon dioxide}},
    year = {2000},
    journal = {Nature},
    author = {Sigman, Daniel M. and Boyle, Edward A.},
    number = {6806},
    month = {10},
    pages = {859--869},
    volume = {407},
    publisher = {Nature Publishing Group},
    url = {http://www.nature.com/doifinder/10.1038/35038000},
    doi = {10.1038/35038000},
    issn = {00280836}
}

@article{Lumpkin2007,
    title = {{Global Ocean Meridional Overturning}},
    year = {2007},
    journal = {Journal of Physical Oceanography},
    author = {Lumpkin, Rick and Speer, Kevin},
    number = {10},
    pages = {2550--2562},
    volume = {37},
    url = {http://dx.doi.org/10.1175/JPO3130.1},
    isbn = {0022-3670},
    doi = {10.1175/JPO3130.1},
    issn = {0022-3670}
}

@article{Lumpkin2007b,
    title = {{Global Ocean Meridional Overturning}},
    year = {2007},
    journal = {Journal of Physical Oceanography},
    author = {Lumpkin, Rick and Speer, Kevin and Lumpkin, Rick and Speer, Kevin},
    number = {10},
    month = {10},
    pages = {2550--2562},
    volume = {37},
    url = {http://journals.ametsoc.org/doi/abs/10.1175/JPO3130.1},
    doi = {10.1175/JPO3130.1},
    issn = {0022-3670},
    keywords = {Air–sea interaction, Boundary currents, Meridional overturning circulation, Transport, Upwelling}
}

@article{Waterhouse2014,
    title = {{Global Patterns of Diapycnal Mixing from Measurements of the Turbulent Dissipation Rate}},
    year = {2014},
    journal = {Journal of Physical Oceanography},
    author = {Waterhouse, Amy F. and MacKinnon, Jennifer a. and Nash, Jonathan D. and Alford, Matthew H. and Kunze, Eric and Simmons, Harper L. and Polzin, Kurt L. and St. Laurent, Louis C. and Sun, Oliver M. and Pinkel, Robert and Talley, Lynne D. and Whalen, Caitlin B. and Huussen, Tycho N. and Carter, Glenn S. and Fer, Ilker and Waterman, Stephanie and Naveira Garabato, Alberto C. and Sanford, Thomas B. and Lee, Craig M.},
    number = {7},
    pages = {1854--1872},
    volume = {44},
    url = {http://journals.ametsoc.org/doi/abs/10.1175/JPO-D-13-0104.1},
    isbn = {0022-3670},
    doi = {10.1175/JPO-D-13-0104.1},
    issn = {0022-3670},
    keywords = {Circulation/ Dynamics, Diapycnal mixing, Internal waves}
}

@article{Benjamin1968,
    title = {{Gravity currents and related phenomena}},
    year = {1968},
    journal = {Journal of Fluid Mechanics},
    author = {Benjamin, T. Brooke},
    number = {02},
    month = {1},
    pages = {209},
    volume = {31},
    publisher = {Cambridge University Press},
    url = {http://www.journals.cambridge.org/abstract_S0022112068000133},
    doi = {10.1017/S0022112068000133},
    issn = {0022-1120}
}

@article{Luthi2008,
    title = {{High-resolution carbon dioxide concentration record 650,000–800,000 years before present}},
    year = {2008},
    journal = {Nature},
    author = {L{\"{u}}thi, Dieter and Le Floch, Martine and Bereiter, Bernhard and Blunier, Thomas and Barnola, Jean-Marc and Siegenthaler, Urs and Raynaud, Dominique and Jouzel, Jean and Fischer, Hubertus and Kawamura, Kenji and Stocker, Thomas F.},
    number = {7193},
    month = {5},
    pages = {379--382},
    volume = {453},
    publisher = {Nature Publishing Group},
    url = {http://www.nature.com/doifinder/10.1038/nature06949},
    doi = {10.1038/nature06949},
    issn = {0028-0836}
}

@article{Yih1955,
    title = {{Hydraulic Jump in a Fluid System of Two Layers}},
    year = {1955},
    journal = {Tellus},
    author = {Yih, Chia-Shun and Guha, C. R.},
    number = {3},
    month = {8},
    pages = {358--366},
    volume = {7},
    publisher = {Blackwell Publishing Ltd},
    url = {http://tellusa.net/index.php/tellusa/article/view/8874},
    doi = {10.1111/j.2153-3490.1955.tb01172.x},
    issn = {00402826}
}

@article{Weijer,
    title = {{Impact of Agulhas Leakage on the Atlantic Overturning Circulation in the CCSM4}},
    author = {Weijer, Wilbert and Sebille, Erik Van},
    doi = {10.1175/JCLI-D-12-00714.1}
}

@article{Drijfhout2003,
    title = {{Impact of eddy-induced transport on the Lagrangian structure of the upper branch of the thermohaline circulation}},
    year = {2003},
    journal = {{\textbackslash}Jpo},
    author = {Drijfhout, S.S. and De Vries, P. and Doos, K. and Coward, a.C.},
    pages = {2141--2155},
    volume = {33},
    url = {http://dx.doi.org/10.1175/1520-0485(2003)033<2141:IOETOT>2.0.CO;2},
    doi = {10.1175/1520-0485(2003)033<2141:IOETOT>2.0.CO;2},
    issn = {0022-3670},
    keywords = {GC Oceanography}
}

@article{Griffies2015,
    title = {{Impacts on ocean heat from transient mesoscale eddies in a hierarchy of climate models}},
    year = {2015},
    journal = {Journal of Climate},
    author = {Griffies, Stephen M. and Winton, Michael and Anderson, Whit G. and Benson, Rusty and Delworth, Thomas L. and Dufour, Carolina O. and Dunne, John P. and Goddard, Paul and Morrison, Adele K. and Rosati, Anthony and Wittenberg, Andrew T. and Yin, Jianjun and Zhang, Rong},
    number = {3},
    pages = {952--977},
    volume = {28},
    isbn = {8610829952},
    doi = {10.1175/JCLI-D-14-00353.1},
    issn = {08948755}
}

@article{Huybers2008,
    title = {{Integrated summer insolation forcing and 40,000-year glacial cycles: The perspective from an ice-sheet/energy-balance model}},
    year = {2008},
    journal = {Paleoceanography},
    author = {Huybers, Peter and Tziperman, Eli},
    number = {1},
    month = {3},
    pages = {n/a-n/a},
    volume = {23},
    url = {http://doi.wiley.com/10.1029/2007PA001463},
    doi = {10.1029/2007PA001463},
    issn = {08838305},
    keywords = {early Pleistocene, glaciation, obliquity}
}

@article{HOLLAND2002,
    title = {{Internal hydraulic jumps and mixing in two-layer flows}},
    year = {2002},
    journal = {Journal of Fluid Mechanics},
    author = {HOLLAND, DAVID M. and ROSALES, RODOLFO R. and STEFANICA, DAN and TABAK, ESTEBAN G.},
    month = {11},
    volume = {470},
    url = {http://www.journals.cambridge.org/abstract_S002211200200188X},
    doi = {10.1017/S002211200200188X},
    issn = {0022-1120}
}

@article{Doos1995,
    title = {{Interocean exchange of water masses}},
    year = {1995},
    journal = {Journal of Geophysical Research},
    author = {D{\"{o}}{\"{o}}s, Kristofer},
    number = {C7},
    pages = {13499},
    volume = {100},
    url = {http://doi.wiley.com/10.1029/95JC00337},
    isbn = {0126413517},
    doi = {10.1029/95JC00337},
    issn = {0148-0227},
    keywords = {doi:10.1029/9, doi:10.1029/95JC00337, http://dx.doi.org/10.1029/95JC00337}
}

@article{Girton2006,
    title = {{Is the Faroe Bank Channel Overflow Hydraulically Controlled?}},
    year = {2006},
    journal = {Journal of Physical Oceanography},
    author = {Girton, James B. and Pratt, Lawrence J. and Sutherland, David A. and Price, James F. and Girton, James B. and Pratt, Lawrence J. and Sutherland, David A. and Price, James F.},
    number = {12},
    month = {12},
    pages = {2340--2349},
    volume = {36},
    url = {http://journals.ametsoc.org/doi/abs/10.1175/JPO2969.1},
    doi = {10.1175/JPO2969.1},
    issn = {0022-3670},
    keywords = {Deep water, Dynamics, Water masses}
}

@article{Gent1990,
    title = {{Isopycnal Mixing in Ocean Circulation Models}},
    year = {1990},
    journal = {Journal of Physical Oceanography},
    author = {Gent, Peter R. and Mcwilliams, James C. and Gent, Peter R. and Mcwilliams, James C.},
    number = {1},
    month = {1},
    pages = {150--155},
    volume = {20},
    url = {http://journals.ametsoc.org/doi/abs/10.1175/1520-0485%281990%29020%3C0150%3AIMIOCM%3E2.0.CO%3B2},
    doi = {10.1175/1520-0485(1990)020<0150:IMIOCM>2.0.CO;2},
    issn = {0022-3670}
}

@article{Thompson2012,
    title = {{Jets and Topography: Jet Transitions and the Impact on Transport in the Antarctic Circumpolar Current}},
    year = {2012},
    journal = {Journal of Physical Oceanography},
    author = {Thompson, Andrew F. and Sall{\'{e}}e, Jean-Baptiste},
    number = {6},
    month = {6},
    pages = {956--972},
    volume = {42},
    url = {http://journals.ametsoc.org/doi/abs/10.1175/JPO-D-11-0135.1},
    doi = {10.1175/JPO-D-11-0135.1},
    issn = {0022-3670}
}

@article{Blanke1997,
    title = {{Kinematics of the Pacific Equatorial Undercurrent: An Eulerian and Lagrangian Approach from GCM Results}},
    year = {1997},
    journal = {Journal of Physical Oceanography},
    author = {Blanke, Bruno and Raynaud, Stéphane},
    number = {JUNE 1997},
    pages = {1038--1053},
    volume = {27},
    isbn = {1520-0485},
    doi = {10.1175/1520-0485(1997)027<1038:KOTPEU>2.0.CO;2},
    issn = {0022-3670}
}

@article{Doos2008,
    title = {{Lagrangian decomposition of the Deacon Cell}},
    year = {2008},
    journal = {Journal of Geophysical Research: Oceans},
    author = {D{\"{o}}{\"{o}}s, K. and Nycander, J. and Coward, A. C.},
    number = {7},
    pages = {1--13},
    volume = {113},
    isbn = {0148-0227},
    doi = {10.1029/2007JC004351},
    issn = {21699291}
}

@article{VanSebille2018,
    title = {{Lagrangian ocean analysis: Fundamentals and practices}},
    year = {2018},
    journal = {Ocean Modelling},
    author = {van Sebille, Erik and Griffies, Stephen M. and Abernathey, Ryan and Adams, Thomas P. and Berloff, Pavel and Biastoch, Arne and Blanke, Bruno and Chassignet, Eric P. and Cheng, Yu and Cotter, Colin J. and Deleersnijder, Eric and D{\"{o}}{\"{o}}s, Kristofer and Drake, Henri F. and Drijfhout, Sybren and Gary, Stefan F. and Heemink, Arnold W. and Kjellsson, Joakim and Koszalka, Inga Monika and Lange, Michael and Lique, Camille and MacGilchrist, Graeme A. and Marsh, Robert and Mayorga Adame, C. Gabriela and McAdam, Ronan and Nencioli, Francesco and Paris, Claire B. and Piggott, Matthew D. and Polton, Jeff A. and R{\"{u}}hs, Siren and Shah, Syed H.A.M. and Thomas, Matthew D. and Wang, Jinbo and Wolfram, Phillip J. and Zanna, Laure and Zika, Jan D.},
    pages = {49--75},
    volume = {121},
    url = {http://www.sciencedirect.com/science/article/pii/S1463500317301853},
    doi = {10.1016/j.ocemod.2017.11.008},
    issn = {14635003}
}

@article{Gersonde2002,
    title = {{Leg 177 Synthesis: Insights into Southern Ocean Paleoceanography on Tectonic to Millennial Timescales}},
    year = {2002},
    author = {Gersonde, R. and Hodell, D. A. and Blum, P.},
    publisher = {Ocean Drilling Program},
    url = {http://eprints.esc.cam.ac.uk/2470/},
    keywords = {01, Climate Change and Earth, Ocean Atmosphere Systems}
}

@article{Rocha2016,
    title = {{Mesoscale to Submesoscale Wavenumber Spectra in Drake Passage}},
    year = {2016},
    journal = {Journal of Physical Oceanography},
    author = {Rocha, Cesar B. and Chereskin, Teresa K. and Gille, Sarah T. and Menemenlis, Dimitris},
    number = {2},
    pages = {601--620},
    volume = {46},
    url = {http://journals.ametsoc.org/doi/10.1175/JPO-D-15-0087.1},
    doi = {10.1175/JPO-D-15-0087.1},
    issn = {0022-3670}
}

@article{Jacobson2008,
    title = {{Mixing Closures for Conservation Laws in Stratified Flows}},
    year = {2008},
    journal = {Studies in Applied Mathematics},
    author = {Jacobson, Tivon and Milewski, Paul A. and Tabak, Esteban G.},
    number = {1},
    month = {7},
    pages = {89--116},
    volume = {121},
    publisher = {Blackwell Publishing Inc},
    url = {http://doi.wiley.com/10.1111/j.1467-9590.2008.00403.x},
    doi = {10.1111/j.1467-9590.2008.00403.x},
    issn = {00222526}
}

@article{Berger1999,
    title = {{Modelling northern hemisphere ice volume over the last 3Ma}},
    year = {1999},
    journal = {Quaternary Science Reviews},
    author = {Berger, A. and Li, X.S. and Loutre, M.F.},
    number = {1},
    month = {1},
    pages = {1--11},
    volume = {18},
    url = {http://linkinghub.elsevier.com/retrieve/pii/S027737919800033X},
    doi = {10.1016/S0277-3791(98)00033-X},
    issn = {02773791}
}

@article{Houghton1968,
    title = {{Nonlinear shallow fluid flow over an isolated ridge}},
    year = {1968},
    journal = {Communications on Pure and Applied Mathematics},
    author = {Houghton, David D. and Kasahara, Akira},
    number = {1},
    month = {1},
    pages = {1--23},
    volume = {21},
    publisher = {Wiley Subscription Services, Inc., A Wiley Company},
    url = {http://doi.wiley.com/10.1002/cpa.3160210103},
    doi = {10.1002/cpa.3160210103},
    issn = {00103640}
}

@article{Ashkenazy2003,
    title = {{Nonlinearity and multifractality of climate change in the past 420,000 years}},
    year = {2003},
    journal = {Geophysical Research Letters},
    author = {Ashkenazy, Yosef and Baker, Don R. and Gildor, Hezi and Havlin, Shlomo},
    number = {22},
    month = {11},
    volume = {30},
    url = {http://doi.wiley.com/10.1029/2003GL018099},
    doi = {10.1029/2003GL018099},
    issn = {00948276}
}

@article{Huybers2005,
    title = {{Obliquity pacing of the late Pleistocene glacial terminations}},
    year = {2005},
    journal = {Nature},
    author = {Huybers, Peter and Wunsch, Carl},
    number = {7032},
    month = {3},
    pages = {491--494},
    volume = {434},
    publisher = {Nature Publishing Group},
    url = {http://www.nature.com/doifinder/10.1038/nature03401},
    doi = {10.1038/nature03401},
    issn = {0028-0836}
}

@article{Huybers2005b,
    title = {{Obliquity pacing of the late Pleistocene glacial terminations}},
    year = {2005},
    journal = {Nature},
    author = {Huybers, Peter and Wunsch, Carl},
    number = {7032},
    month = {3},
    pages = {491--494},
    volume = {434},
    publisher = {Nature Publishing Group},
    url = {http://www.nature.com/doifinder/10.1038/nature03401},
    doi = {10.1038/nature03401},
    issn = {0028-0836}
}

@book{Sarmiento2006,
    title = {{Ocean biogeochemical dynamics}},
    year = {2006},
    author = {Sarmiento, Jorge Louis and Gruber, Nicolas},
    pages = {503},
    publisher = {Princeton University Press},
    isbn = {9781400849079}
}

@article{Broecker1982b,
    title = {{Ocean chemistry during glacial time}},
    year = {1982},
    journal = {Geochimica et Cosmochimica Acta},
    author = {Broecker, Wallace S.},
    number = {10},
    month = {10},
    pages = {1689--1705},
    volume = {46},
    url = {http://linkinghub.elsevier.com/retrieve/pii/0016703782901107},
    doi = {10.1016/0016-7037(82)90110-7},
    issn = {00167037}
}

@article{MacKinnon2013,
    title = {{Oceanography: Mountain waves in the deep ocean}},
    year = {2013},
    journal = {Nature},
    author = {MacKinnon, Jennifer},
    number = {7467},
    month = {9},
    pages = {321--322},
    volume = {501},
    publisher = {Nature Research},
    url = {http://www.nature.com/doifinder/10.1038/501321a},
    doi = {10.1038/501321a},
    issn = {0028-0836}
}

@article{Stommel1959,
    title = {{On the abyssal circulation of the world ocean — II. An idealized model of the circulation pattern and amplitude in oceanic basins}},
    year = {1959},
    journal = {Deep Sea Research (1953)},
    author = {Stommel, Henry and Arons, A.B.},
    month = {1},
    pages = {217--233},
    volume = {6},
    url = {http://linkinghub.elsevier.com/retrieve/pii/0146631359900759},
    doi = {10.1016/0146-6313(59)90075-9},
    issn = {01466313}
}

@article{Stommel1959b,
    title = {{On the abyssal circulation of the world ocean — II. An idealized model of the circulation pattern and amplitude in oceanic basins}},
    year = {1959},
    journal = {Deep Sea Research (1953)},
    author = {Stommel, Henry and Arons, A.B.},
    month = {1},
    pages = {217--233},
    volume = {6},
    url = {http://linkinghub.elsevier.com/retrieve/pii/0146631359900759},
    doi = {10.1016/0146-6313(59)90075-9},
    issn = {01466313}
}

@article{Stommel1959c,
    title = {{On the abyssal circulation of the world ocean—I. Stationary planetary flow patterns on a sphere}},
    year = {1959},
    journal = {Deep Sea Research (1953)},
    author = {Stommel, Henry and Arons, A.B.},
    pages = {140--154},
    volume = {6},
    publisher = {Elsevier},
    doi = {10.1016/0146-6313(59)90065-6},
    issn = {01466313}
}

@article{Borenas1988,
    title = {{On the deep-water flow through the Faroe Bank Channel}},
    year = {1988},
    journal = {Journal of Geophysical Research},
    author = {Boren{\"{a}}s, Karin M. and Lundberg, Peter A.},
    number = {C2},
    pages = {1281},
    volume = {93},
    url = {http://doi.wiley.com/10.1029/JC093iC02p01281},
    doi = {10.1029/JC093iC02p01281},
    issn = {0148-0227}
}

@article{Tziperman2003,
    title = {{On the mid-Pleistocene transition to 100-kyr glacial cycles and the asymmetry between glaciation and deglaciation times}},
    year = {2003},
    journal = {Paleoceanography},
    author = {Tziperman, Eli and Gildor, Hezi},
    number = {1},
    month = {3},
    pages = {1--1},
    volume = {18},
    url = {http://doi.wiley.com/10.1029/2001pa000627},
    doi = {10.1029/2001pa000627},
    issn = {08838305},
    keywords = {100 kyr, 41 kyr, climate dynamics, glacial cycles, mid‐Pleistocene transition}
}

@article{KLEMP1997,
    title = {{On the propagation of internal bores}},
    year = {1997},
    journal = {Journal of Fluid Mechanics},
    author = {KLEMP, JOSEPH B. and ROTUNNO, RICHARD and SKAMAROCK, WILLIAM C.},
    month = {1},
    pages = {S0022112096003710},
    volume = {331},
    publisher = {Cambridge University Press},
    url = {http://www.journals.cambridge.org/abstract_S0022112096003710},
    doi = {10.1017/S0022112096003710},
    issn = {00221120}
}

@article{Hogg1982,
    title = {{On the Transport and Modification of Antarctic Bottom Water in the Vema Channel}},
    year = {1982},
    author = {Hogg, Nelson and Biscaye, P.E. and Gardner, Wilford and Jr, W J Schmitz},
    pages = {231--263},
    volume = {40},
    issn = {0022-2402}
}

@article{Jouzel2007,
    title = {{Orbital and Millennial Antarctic Climate Variability over the Past 800,000 Years}},
    year = {2007},
    journal = {Science},
    author = {Jouzel, J. and Masson-Delmotte, V. and Cattani, O. and Dreyfus, G. and Falourd, S. and Hoffmann, G. and Minster, B. and Nouet, J. and Barnola, J. M. and Chappellaz, J. and Fischer, H. and Gallet, J. C. and Johnsen, S. and Leuenberger, M. and Loulergue, L. and Luethi, D. and Oerter, H. and Parrenin, F. and Raisbeck, G. and Raynaud, D. and Schilt, A. and Schwander, J. and Selmo, E. and Souchez, R. and Spahni, R. and Stauffer, B. and Steffensen, J. P. and Stenni, B. and Stocker, T. F. and Tison, J. L. and Werner, M. and Wolff, E. W.},
    number = {5839},
    volume = {317},
    url = {http://science.sciencemag.org/content/317/5839/793}
}

@article{Wang2014,
    title = {{Pathways of the Agulhas waters poleward of 29{${}^\circ$}S}},
    year = {2014},
    journal = {Journal of Geophysical Research: Oceans},
    author = {Wang, Jinbo and Mazloff, Matthew R. and Gille, Sarah T.},
    number = {7},
    month = {7},
    pages = {4234--4250},
    volume = {119},
    url = {http://doi.wiley.com/10.1002/2014JC010049},
    doi = {10.1002/2014JC010049},
    issn = {21699275},
    keywords = {Agulhas Current, Antarctic Circumpolar Current, Indian Ocean, Kerguelen Plateau, interbasin exchange, mode water formation}
}

@article{Gildor2001,
    title = {{Physical mechanisms behind biogeochemical glacial-interglacial <i>CO</i> <sub>2</sub> variations}},
    year = {2001},
    journal = {Geophysical Research Letters},
    author = {Gildor, Hezi and Tziperman, Eli},
    number = {12},
    month = {6},
    pages = {2421--2424},
    volume = {28},
    url = {http://doi.wiley.com/10.1029/2000GL012571},
    doi = {10.1029/2000GL012571},
    issn = {00948276}
}

@article{Lisiecki2005,
    title = {{Pliocene-Pleistocene stack of globally distributed benthic stable oxygen isotope records, supplement to: Lisiecki, Lorraine E; Raymo, Maureen E (2005): A Pliocene-Pleistocene stack of 57 globally distributed benthic d18O records. Paleoceanography, 20, PA1}},
    year = {2005},
    author = {Lisiecki, Lorraine E and Raymo, Maureen E},
    month = {1},
    doi = {10.1594/PANGAEA.704257}
}

@article{Qin2014,
    title = {{Quantification of errors induced by temporal resolution on Lagrangian particles in an eddy-resolving model}},
    year = {2014},
    journal = {Ocean Modelling},
    author = {Qin, Xuerong and van Sebille, Erik and Sen Gupta, Alexander},
    pages = {20--30},
    volume = {76},
    doi = {10.1016/j.ocemod.2014.02.002},
    issn = {14635003},
    keywords = {Connectivity transport, Divergence, Eddy kinetic energy, Mesoscale eddies, Western boundary currents}
}

@article{Crosta1998,
    title = {{Reappraisal of Antarctic seasonal sea-ice at the Last Glacial Maximum}},
    year = {1998},
    journal = {Geophysical Research Letters},
    author = {Crosta, Xavier and Pichon, Jean-Jacques and Burckle, Lloyd H.},
    number = {14},
    month = {7},
    pages = {2703--2706},
    volume = {25},
    url = {http://doi.wiley.com/10.1029/98GL02012},
    doi = {10.1029/98GL02012},
    issn = {00948276}
}

@article{Marshall1999,
    title = {{Reconciling thermodynamic and dynamic methods of computation of water-mass transformation rates}},
    year = {1999},
    journal = {Deep-Sea Research Part I: Oceanographic Research Papers},
    author = {Marshall, John and Jamous, Daniel and Nilsson, Johan},
    number = {4},
    pages = {545--572},
    volume = {46},
    isbn = {0967-0637},
    doi = {10.1016/S0967-0637(98)00082-X},
    issn = {09670637}
}

@article{Waugh2003,
    title = {{Relationships among tracer ages}},
    year = {2003},
    journal = {Journal of Geophysical Research},
    author = {Waugh, Darryn W. and Hall, Timothy M. and Haine, Thomas W. N.},
    number = {C5},
    pages = {3138},
    volume = {108},
    url = {http://doi.wiley.com/10.1029/2002JC001325},
    doi = {10.1029/2002JC001325},
    issn = {0148-0227},
    keywords = {ocean tracers, ocean transport, tracer ages, transit time distributions}
}

@article{Dufour2015,
    title = {{Role of mesoscale eddies in cross-frontal transport of heat and biogeochemical tracers in the Southern Ocean}},
    year = {2015},
    journal = {Journal of Physical Oceanography},
    author = {Dufour, Carolina O. and Griffies, Stephen M. and de Souza, Gregory F. and Frenger, Ivy and Morrison, Adele K. and Palter, Jaime B. and Sarmiento, Jorge L. and Galbraith, Eric D. and Dunne, John P. and Anderson, Whit G. and Slater, Richard D.},
    pages = {3057--3081},
    volume = {45},
    url = {http://journals.ametsoc.org/doi/abs/10.1175/JPO-D-14-0240.1},
    isbn = {6505615628},
    doi = {10.1175/JPO-D-14-0240.1},
    issn = {0022-3670}
}

@book{Pratt2007,
    title = {{Rotating Hydraulics}},
    year = {2007},
    author = {Pratt, Larry J. and Whitehead, John A.},
    series = {Atmospheric And Oceanographic Sciences Library},
    volume = {36},
    publisher = {Springer New York},
    url = {http://link.springer.com/10.1007/978-0-387-49572-9},
    address = {New York, NY},
    isbn = {978-0-387-36639-5},
    doi = {10.1007/978-0-387-49572-9}
}

@article{Borenas1986,
    title = {{Rotating hydraulics of flow in a parabolic channel}},
    year = {1986},
    journal = {Journal of Fluid Mechanics},
    author = {Boren{\"{a}}s, Karin and Lundberg, Peter and Johnson, R. G. and Schmitz, W. J.},
    number = {-1},
    month = {6},
    pages = {309},
    volume = {167},
    publisher = {Cambridge University Press},
    url = {http://www.journals.cambridge.org/abstract_S0022112086002835},
    doi = {10.1017/S0022112086002835},
    issn = {0022-1120}
}

@article{Whitehead1974,
    title = {{Rotating hydraulics of strait and sill flows†}},
    year = {1974},
    journal = {Geophysical Fluid Dynamics},
    author = {Whitehead, J. A. and Leetmaa, A. and Knox, R.A.},
    number = {2},
    month = {1},
    pages = {101--125},
    volume = {6},
    publisher = { Taylor {\&} Francis Group },
    url = {http://www.tandfonline.com/doi/abs/10.1080/03091927409365790},
    doi = {10.1080/03091927409365790},
    issn = {0016-7991}
}

@article{Gregg1989,
    title = {{Scaling turbulent dissipation in the thermocline}},
    year = {1989},
    journal = {Journal of Geophysical Research},
    author = {Gregg, M. C.},
    number = {C7},
    pages = {9686},
    volume = {94},
    url = {http://doi.wiley.com/10.1029/JC094iC07p09686},
    doi = {10.1029/JC094iC07p09686},
    issn = {0148-0227}
}

@article{Gildor2000,
    title = {{Sea ice as the glacial cycles’ Climate switch: role of seasonal and orbital forcing}},
    year = {2000},
    journal = {Paleoceanography},
    author = {Gildor, Hezi and Tziperman, Eli},
    number = {6},
    month = {12},
    pages = {605--615},
    volume = {15},
    url = {http://doi.wiley.com/10.1029/1999PA000461},
    doi = {10.1029/1999PA000461},
    issn = {08838305}
}

@article{Gersonde2005,
    title = {{Sea-surface temperature and sea ice distribution of the Southern Ocean at the EPILOG Last Glacial Maximum—a circum-Antarctic view based on siliceous microfossil records}},
    year = {2005},
    journal = {Quaternary Science Reviews},
    author = {Gersonde, Rainer and Crosta, Xavier and Abelmann, Andrea and Armand, Leanne},
    number = {7},
    pages = {869--896},
    volume = {24},
    url = {http://www.sciencedirect.com/science/article/pii/S0277379104002227},
    doi = {10.1016/j.quascirev.2004.07.015},
    issn = {02773791}
}

@article{Melet2014,
    title = {{Sensitivity of the Ocean State to Lee Wave–Driven Mixing}},
    year = {2014},
    journal = {Journal of Physical Oceanography},
    author = {Melet, Angélique and Hallberg, Robert and Legg, Sonya and Nikurashin, Maxim},
    number = {3},
    month = {3},
    pages = {900--921},
    volume = {44},
    url = {http://journals.ametsoc.org/doi/abs/10.1175/JPO-D-13-072.1},
    doi = {10.1175/JPO-D-13-072.1},
    keywords = {Circulation/ Dynamics, Diapycnal mixing, Internal waves, Models and modeling, Ocean models, Parameterization, Subgrid-scale processes}
}

@article{Melet2013,
    title = {{Sensitivity of the Ocean State to the Vertical Distribution of Internal-Tide-Driven Mixing}},
    year = {2013},
    journal = {Journal of Physical Oceanography},
    author = {Melet, Angelique and Hallberg, Robert and Legg, Sonya and Polzin, Kurt},
    number = {3},
    month = {3},
    pages = {602--615},
    volume = {43},
    url = {http://journals.ametsoc.org/doi/abs/10.1175/JPO-D-12-055.1},
    doi = {10.1175/JPO-D-12-055.1},
    keywords = {Diapycnal mixing, Internal waves, Ocean models, Parameterization, Subgrid-scale processes}
}

@article{Delworth2012,
    title = {{Simulated Climate and Climate Change in the GFDL CM2.5 High-Resolution Coupled Climate Model}},
    year = {2012},
    journal = {Journal of Climate},
    author = {Delworth, Thomas L. and Rosati, Anthony and Anderson, Whit and Adcroft, Alistair J. and Balaji, V. and Benson, Rusty and Dixon, Keith and Griffies, Stephen M. and Lee, Hyun-Chul and Pacanowski, Ronald C. and Vecchi, Gabriel A. and Wittenberg, Andrew T. and Zeng, Fanrong and Zhang, Rong},
    number = {8},
    month = {4},
    pages = {2755--2781},
    volume = {25},
    url = {http://journals.ametsoc.org/doi/abs/10.1175/JCLI-D-11-00316.1},
    doi = {10.1175/JCLI-D-11-00316.1},
    issn = {0894-8755}
}

@article{Rahmstorf1998,
    title = {{Simulation of modern and glacial climates with a coupled global model of intermediate complexity}},
    year = {1998},
    journal = {Nature},
    author = {Rahmstorf, Stefan and Ganopolski, Andrey and Petoukhov, Vladimir and Claussen, Martin},
    number = {6665},
    month = {1},
    pages = {351--356},
    volume = {391},
    publisher = {Nature Publishing Group},
    url = {http://www.nature.com/doifinder/10.1038/34839},
    doi = {10.1038/34839},
    issn = {00280836}
}

@article{Ganopolski2010,
    title = {{Simulation of the last glacial cycle with a coupled climate ice-sheet model of intermediate complexity}},
    year = {2010},
    journal = {Climate of the Past},
    author = {Ganopolski, A. and Calov, R. and Claussen, M.},
    number = {2},
    month = {4},
    pages = {229--244},
    volume = {6},
    url = {http://www.clim-past.net/6/229/2010/},
    doi = {10.5194/cp-6-229-2010},
    issn = {1814-9332}
}

@article{Armi1978,
    title = {{Some evidence for boundary mixing in the deep Ocean}},
    year = {1978},
    journal = {Journal of Geophysical Research},
    author = {Armi, Laurence},
    number = {C4},
    pages = {1971},
    volume = {83},
    url = {http://doi.wiley.com/10.1029/JC083iC04p01971},
    doi = {10.1029/JC083iC04p01971},
    issn = {0148-0227}
}

@article{Armour2016,
    title = {{Southern Ocean warming delayed by circumpolar upwelling and equatorward transport}},
    year = {2016},
    journal = {Nature Geoscience},
    author = {Armour, Kyle C. and Marshall, John and Scott, Jeffery R. and Donohoe, Aaron and Newsom, Emily R.},
    month = {5},
    publisher = {Nature Publishing Group},
    url = {http://www.nature.com/doifinder/10.1038/ngeo2731},
    doi = {10.1038/ngeo2731},
    issn = {1752-0894}
}

@article{Whalen2012,
    title = {{Spatial and temporal variability of global ocean mixing inferred from Argo profiles}},
    year = {2012},
    journal = {Geophysical Research Letters},
    author = {Whalen, C. B. and Talley, L. D. and MacKinnon, J. A.},
    number = {17},
    pages = {1--6},
    volume = {39},
    isbn = {1944-8007},
    doi = {10.1029/2012GL053196},
    issn = {00948276},
    keywords = {Argo floats, diapycnal mixing, internal waves, near-inertial waves, rough topography}
}

@article{Polzin1997,
    title = {{Spatial Variability of Turbulent Mixing in the Spatial Variability Abyssal Ocean}},
    year = {1997},
    journal = {Science},
    author = {Polzin, K.L. and Toole, J.M. and Ledwell, James R. and Schmitt, Rw},
    number = {5309},
    pages = {93--96},
    volume = {276},
    url = {http://www.sciencemag.org/cgi/content/abstract/276/5309/93},
    isbn = {0036-8075},
    doi = {10.1126/science.276.5309.93},
    pmid = {9082993}
}

@article{Tamsitt2017,
    title = {{Spiraling pathways of global deep waters to the surface of the Southern Ocean}},
    year = {2017},
    journal = {Nature Communications},
    author = {Tamsitt, Veronica and Drake, Henri F and Morrison, Adele K and Talley, Lynne D and Dufour, Carolina O and Gray, Alison R and Griffies, Stephen M and Mazloff, Matthew R and Sarmiento, Jorge L and Wang, Jinbo and Weijer, Wilbert},
    number = {1},
    pages = {172},
    volume = {8},
    url = {https://doi.org/10.1038/s41467-017-00197-0},
    doi = {10.1038/s41467-017-00197-0},
    issn = {2041-1723}
}

@article{Tarasov1997,
    title = {{Terminating the 100 kyr ice age cycle}},
    year = {1997},
    journal = {Journal of Geophysical Research: Atmospheres},
    author = {Tarasov, Lev and Peltier, W. Richard},
    number = {D18},
    month = {9},
    pages = {21665--21693},
    volume = {102},
    url = {http://doi.wiley.com/10.1029/97JD01766},
    doi = {10.1029/97JD01766},
    issn = {01480227}
}

@misc{Stommel1958,
    title = {{The abyssal circulation}},
    year = {1958},
    booktitle = {Deep Sea Research (1953)},
    author = {Stommel, Henry},
    number = {1},
    pages = {80--82},
    volume = {5},
    doi = {10.1016/S0146-6291(58)80014-4},
    issn = {01466313}
}

@article{Garzoli2015,
    title = {{The fate of the Deep Western Boundary Current in the South Atlantic}},
    year = {2015},
    journal = {Deep-Sea Research Part I: Oceanographic Research Papers},
    author = {Garzoli, Silvia L. and Dong, Shenfu and Fine, Rana and Meinen, Christopher S. and Perez, Renellys C. and Schmid, Claudia and Van Sebille, Erik and Yao, Qi},
    pages = {125--136},
    volume = {103},
    doi = {10.1016/j.dsr.2015.05.008},
    issn = {09670637},
    keywords = {Deep Western Boundary Current, Meridional Overturning Circulation, North Atlantic Deep Water, South Atlantic Circulation}
}

@article{Mazloff2013,
    title = {{The Force Balance of the Southern Ocean Meridional Overturning Circulation}},
    year = {2013},
    journal = {Journal of Physical Oceanography},
    author = {Mazloff, Matthew R. and Ferrari, Raffaele and Schneider, Tapio},
    number = {6},
    pages = {1193--1208},
    volume = {43},
    url = {http://journals.ametsoc.org/doi/abs/10.1175/JPO-D-12-069.1},
    isbn = {0022-3670},
    doi = {10.1175/JPO-D-12-069.1},
    issn = {0022-3670},
    keywords = {Forcing, Meridional overturning circulation, Momentum, Southern Ocean}
}

@article{Iudicone2008,
    title = {{The global conveyor belt from a Southern Ocean perspective}},
    year = {2008},
    journal = {Journal of Physical Oceanography},
    author = {Iudicone, D and Speich, S and Madec, G and Blanke, B},
    number = {7},
    pages = {1401--1425},
    volume = {38},
    url = {http://journals.ametsoc.org/doi/abs/10.1175/2007JPO3525.1\npapers://b382215d-ac95-4dce-9bab-469b6d836056/Paper/p1433},
    isbn = {0022-3670},
    doi = {10.1175/2007JPO3525.1},
    issn = {0022-3670},
    keywords = {Antarctic Intermediate Water, Atlantic, Circumpolar Current, Drake Passage, General-Circulation Model, Heat-Transport, Mass Transformation, Overturning Circulation, Thermohaline Circulation, World Ocean}
}

@article{Stephens2000,
    title = {{The influence of Antarctic sea ice on glacial–interglacial CO2 variations}},
    year = {2000},
    journal = {Nature},
    author = {Stephens, Britton B. and Keeling, Ralph F.},
    number = {6774},
    month = {3},
    pages = {171--174},
    volume = {404},
    url = {http://www.ncbi.nlm.nih.gov/pubmed/10724166 http://www.nature.com/doifinder/10.1038/35004556},
    doi = {10.1038/35004556},
    issn = {0028-0836},
    pmid = {10724166}
}

@article{Kageyama2001,
    title = {{The Last Glacial Maximum climate over Europe and western Siberia: a PMIP comparison between models and data}},
    year = {2001},
    journal = {Climate Dynamics},
    author = {Kageyama, M. and Peyron, O. and Pinot, S. and Tarasov, P. and Guiot, J. and Joussaume, S. and Ramstein, G.},
    number = {1},
    month = {1},
    pages = {23--43},
    volume = {17},
    publisher = {Springer-Verlag},
    url = {http://link.springer.com/10.1007/s003820000095},
    doi = {10.1007/s003820000095},
    issn = {0930-7575}
}

@misc{Toggweiler1994,
    title = {{The Ocean's Overturning Circulation}},
    year = {1994},
    booktitle = {Physics Today},
    author = {Toggweiler, J. Robert},
    number = {11},
    pages = {45--50},
    volume = {47},
    doi = {10.1063/1.881425},
    issn = {19450699}
}

@article{Sigman2010,
    title = {{The polar ocean and glacial cycles in atmospheric CO2 concentration}},
    year = {2010},
    journal = {Nature},
    author = {Sigman, Daniel M. and Hain, Mathis P. and Haug, Gerald H.},
    number = {7302},
    month = {7},
    pages = {47--55},
    volume = {466},
    url = {http://www.nature.com/doifinder/10.1038/nature09149},
    doi = {10.1038/nature09149},
    issn = {0028-0836}
}

@article{Hallberg2006,
    title = {{The Role of Eddies in Determining the Structure and Response of the Wind-Driven Southern Hemisphere Overturning: Results from the Modeling Eddies in the Southern Ocean (MESO) Project}},
    year = {2006},
    journal = {Journal of Physical Oceanography},
    author = {Hallberg, Robert and Gnanadesikan, Anand},
    pages = {2232--2252},
    volume = {36},
    isbn = {0022-3670},
    doi = {10.1175/JPO2980.1},
    issn = {0022-3670}
}

@article{Stommel1948,
    title = {{The westward intensification of wind-driven ocean currents}},
    year = {1948},
    journal = {Transactions, American Geophysical Union},
    author = {Stommel, Henry},
    number = {2},
    pages = {202},
    volume = {29},
    url = {http://www.agu.org/pubs/crossref/1948/TR029i002p00202.shtml},
    doi = {10.1029/TR029i002p00202},
    issn = {0002-8606}
}

@article{Stommel1948b,
    title = {{The westward intensification of wind-driven ocean currents}},
    year = {1948},
    journal = {Transactions, American Geophysical Union},
    author = {Stommel, Henry},
    number = {2},
    pages = {202},
    volume = {29},
    url = {http://www.agu.org/pubs/crossref/1948/TR029i002p00202.shtml},
    doi = {10.1029/TR029i002p00202},
    issn = {0002-8606}
}

@article{Simmons2004,
    title = {{Tidally driven mixing in a numerical model of the ocean general circulation}},
    year = {2004},
    journal = {Ocean Modelling},
    author = {Simmons, Harper L. and Jayne, Steven R. and St. Laurent, Louis C. and Weaver, Andrew J.},
    number = {3-4},
    pages = {245--263},
    volume = {6},
    isbn = {1463-5003},
    doi = {10.1016/S1463-5003(03)00011-8},
    issn = {14635003}
}

@article{Pinot1999,
    title = {{Tropical paleoclimates at the Last Glacial Maximum: comparison of Paleoclimate Modeling Intercomparison Project (PMIP) simulations and paleodata}},
    year = {1999},
    journal = {Climate Dynamics},
    author = {Pinot, S. and Ramstein, G. and Harrison, S. P. and Prentice, I. C. and Guiot, J. and Stute, M. and Joussaume, S.},
    number = {11},
    month = {11},
    pages = {857--874},
    volume = {15},
    publisher = {Springer-Verlag},
    url = {http://link.springer.com/10.1007/s003820050318},
    doi = {10.1007/s003820050318},
    issn = {0930-7575}
}

@incollection{Tollmien1961,
    title = {{{\"{U}}ber ein neues Formelsystem f{\"{u}}r die ausgebildete Turbulenz}},
    year = {1961},
    booktitle = {Ludwig Prandtl Gesammelte Abhandlungen},
    author = {Tollmien, Walter and Schlichting, Hermann and G{\"{o}}rtler, Henry and Riegels, F. W.},
    pages = {874--887},
    publisher = {Springer Berlin Heidelberg},
    url = {http://link.springer.com/10.1007/978-3-662-11836-8_72},
    address = {Berlin, Heidelberg},
    doi = {10.1007/978-3-662-11836-8{\_}72}
}

@article{Boltwood1907,
    title = {{Ultimate disintegration products of the radioactive elements; Part II, Disintegration products of uranium}},
    year = {1907},
    journal = {American Journal of Science},
    author = {Boltwood, B. B.},
    number = {134},
    month = {2},
    pages = {78--88},
    volume = {s4-23},
    publisher = {American Journal of Science},
    url = {http://www.ajsonline.org/cgi/doi/10.2475/ajs.s4-23.134.78},
    doi = {10.2475/ajs.s4-23.134.78},
    issn = {0002-9599}
}

@article{Morrison2015,
    title = {{Upwelling in the Southern Ocean}},
    year = {2015},
    journal = {Physics Today},
    author = {Morrison, Adele K. and Fr{\"{o}}licher, Thomas L. and Sarmiento, Jorge L.},
    number = {1},
    pages = {27--32},
    volume = {68},
    url = {http://scitation.aip.org/content/aip/magazine/physicstoday/article/68/1/10.1063/PT.3.2654},
    doi = {10.1063/PT.3.2654},
    issn = {0031-9228},
    keywords = {Physics Today January 2015, page 27-32}
}

@article{Morrison2015b,
    title = {{Upwelling in the Southern Ocean}},
    year = {2015},
    journal = {Physics Today},
    author = {Morrison, Adele K. and Fr{\"{o}}licher, Thomas L. and Sarmiento, Jorge L.},
    number = {1},
    month = {1},
    pages = {27--32},
    volume = {68},
    publisher = {American Institute of PhysicsAIP},
    url = {http://scitation.aip.org/content/aip/magazine/physicstoday/article/68/1/10.1063/PT.3.2654},
    doi = {10.1063/PT.3.2654},
    issn = {0031-9228}
}

@article{Spence2014,
    title = {{Using Eulerian and Lagrangian Approaches to Investigate Wind-Driven Changes in the Southern Ocean Abyssal Circulation}},
    year = {2014},
    journal = {Journal of Physical Oceanography},
    author = {Spence, Paul and van Sebille, Erik and Saenko, Oleg a and England, Matthew H.},
    number = {2},
    pages = {662--675},
    volume = {44},
    url = {http://journals.ametsoc.org/doi/abs/10.1175/JPO-D-13-0108.1},
    doi = {10.1175/JPO-D-13-0108.1},
    issn = {0022-3670}
}

@book{Prandtl1945,
    title = {{Über ein neues Formelsystem für die ausgebildete Turbulenz}},
    year = {1945},
    author = {Prandtl, Ludwig},
    publisher = {Vandenhoeck {\&} Ruprecht},
    url = {http://www.worldcat.org/title/uber-ein-neues-formelsystem-fur-die-ausgebildete-turbulenz/oclc/315537024},
    address = {Göttingen}
}

@article{Toggweiler1999,
    title = {{Variation of atmospheric CO <sub>2</sub> by ventilation of the ocean's deepest water}},
    year = {1999},
    journal = {Paleoceanography},
    author = {Toggweiler, J. R.},
    number = {5},
    month = {10},
    pages = {571--588},
    volume = {14},
    url = {http://doi.wiley.com/10.1029/1999PA900033},
    doi = {10.1029/1999PA900033},
    issn = {08838305}
}

@article{Blanke1999,
    title = {{Warm Water Paths in the Equatorial Atlantic as Diagnosed with a General Circulation Model}},
    year = {1999},
    journal = {http://dx.doi.org/10.1175/1520-0485(1999)029<2753:WWPITE>2.0.CO;2},
    author = {Blanke, Bruno and Arhan, Michel and Madec, Gurvan and Roche, Sophie and Blanke, Bruno and Arhan, Michel and Madec, Gurvan and Roche, Sophie}
}

@article{Blanke1999b,
    title = {{Warm Water Paths in the Equatorial Atlantic as Diagnosed with a General Circulation Model}},
    year = {1999},
    journal = {Journal of Physical Oceanography},
    author = {Blanke, Bruno and Arhan, Michel and Madec, Gurvan and Roche, Sophie and Blanke, Bruno and Arhan, Michel and Madec, Gurvan and Roche, Sophie},
    number = {11},
    month = {11},
    pages = {2753--2768},
    volume = {29},
    url = {http://journals.ametsoc.org/doi/abs/10.1175/1520-0485%281999%29029%3C2753%3AWWPITE%3E2.0.CO%3B2},
    doi = {10.1175/1520-0485(1999)029<2753:WWPITE>2.0.CO;2},
    issn = {0022-3670}
}

@article{Ferrari2014b,
    title = {{What goes down must come up}},
    year = {2014},
    journal = {Nature},
    author = {Ferrari, Raffaele},
    pages = {179--180},
    volume = {513}
}

@article{Ferrari2011,
    title = {{What processes drive the ocean heat transport?}},
    year = {2011},
    journal = {Ocean Modelling},
    author = {Ferrari, Raffaele and Ferreira, David},
    number = {3-4},
    pages = {171--186},
    volume = {38},
    isbn = {1463-5003},
    doi = {10.1016/j.ocemod.2011.02.013},
    issn = {14635003},
    keywords = {Climate, Ocean convection, Ocean heat transport, Ocean mixing, Wind}
}

@article{Anderson2009,
    title = {{Wind-Driven Upwelling in the Southern Ocean and the Deglacial Rise in Atmospheric CO2}},
    year = {2009},
    journal = {Science},
    author = {Anderson, R. F. and Ali, S. and Bradtmiller, L. I. and Nielsen, S. H. H. and Fleisher, M. Q. and Anderson, B. E. and Burckle, L. H.},
    number = {5920},
    volume = {323},
    url = {http://science.sciencemag.org/content/323/5920/1443?ijkey=262db711cb29c552cb1e354f5396f08e765e5a1e&keytype2=tf_ipsecsha}
}

@article{Series201010/10Article,
    title = {{10/10 Excellent Article}},
    year = {2010},
    author = {Series, New},
    number = {3859},
    pages = {1243--1248},
    volume = {162}
}

@article{Sciences2002AAge,
    title = {{A Generalized Transport Theory : Water-Mass Composition and Age}},
    year = {2002},
    author = {Sciences, Planetary},
    pages = {1932--1946}
}

@article{HaineAAge,
    title = {{A Generalized Transport Theory: Water-Mass Composition and Age}},
    author = {Haine, Thomas W N and Hall, Timothy M}
}

@article{Haine2002AAge,
    title = {{A Generalized Transport Theory: Water-Mass Composition and Age}},
    year = {2002},
    journal = {http://dx.doi.org/10.1175/1520-0485(2002)032<1932:AGTTWM>2.0.CO;2},
    author = {Haine, Thomas W. N. and Hall, Timothy M. and Haine, Thomas W. N. and Hall, Timothy M.}
}

@article{HaineAAgeb,
    title = {{A Generalized Transport Theory: Water-Mass Composition and Age}},
    author = {Haine, Thomas W N and Hall, Timothy M}
}

@article{Gray2014AArgo,
    title = {{A Global Analysis of Sverdrup Balance Using Absolute Geostrophic Velocities from Argo}},
    year = {2014},
    journal = {Journal of Physical Oceanography},
    author = {Gray, Alison R and Riser, Stephen C},
    number = {4},
    pages = {1213--1229},
    volume = {44},
    url = {http://dx.doi.org/10.1175/JPO-D-12-0206.1\nhttp://journals.ametsoc.org/doi/abs/10.1175/JPO-D-12-0206.1},
    isbn = {0001433806},
    doi = {10.1175/JPO-D-12-0206.1},
    issn = {0022-3670}
}

@article{Blanke2002AVentilation,
    title = {{A global diagnostic of interior ocean ventilation}},
    year = {2002},
    journal = {Geophysical research {\ldots}},
    author = {Blanke, Bruno and Speich, Sabrina},
    number = {8},
    pages = {1--4},
    volume = {29},
    url = {http://onlinelibrary.wiley.com/doi/10.1029/2001GL013727/full},
    isbn = {0094-8276},
    doi = {10.1029/2001GL013727},
    issn = {0094-8276}
}

@article{Verpoorter2014AImagery,
    title = {{A global inventory of lakes based on high-resolution satellite imagery}},
    year = {2014},
    journal = {Geophysical Research Letters},
    author = {Verpoorter, Charles and Kutser, Tiit and Seekell, David A. and Tranvik, Lars J.},
    number = {18},
    month = {9},
    pages = {6396--6402},
    volume = {41},
    url = {http://doi.wiley.com/10.1002/2014GL060641},
    doi = {10.1002/2014GL060641},
    issn = {00948276}
}

@article{Delworth2015ADrought,
    title = {{A Link between the Hiatus in Global Warming and North American Drought}},
    year = {2015},
    journal = {Journal of Climate},
    author = {Delworth, Thomas L. and Zeng, Fanrong and Rosati, Anthony and Vecchi, Gabriel A. and Wittenberg, Andrew T.},
    number = {9},
    month = {5},
    pages = {3834--3845},
    volume = {28},
    url = {http://journals.ametsoc.org/doi/10.1175/JCLI-D-14-00616.1},
    doi = {10.1175/JCLI-D-14-00616.1},
    issn = {0894-8755}
}

@article{Nikurashin2011ATopography,
    title = {{A Mechanism for Local Dissipation of Internal Tides Generated at Rough Topography}},
    year = {2011},
    journal = {Journal of Physical Oceanography},
    author = {Nikurashin, Maxim and Legg, Sonya},
    number = {2},
    month = {2},
    pages = {378--395},
    volume = {41},
    url = {http://journals.ametsoc.org/doi/abs/10.1175/2010JPO4522.1},
    doi = {10.1175/2010JPO4522.1},
    keywords = {Tides, Topographic effects, Wave breaking}
}

@article{Cayley1858AMatrices,
    title = {{A memoir on the theory of matrices}},
    year = {1858},
    journal = {Philosophical Transactions of the Royal Society of London},
    author = {Cayley, Arthur},
    number = {1858},
    pages = {17--37},
    volume = {148},
    url = {http://www.jstor.org/stable/10.2307/108649},
    doi = {10.1098/rstl.1858.0002},
    issn = {0261-0523}
}

@article{Gray2015AData,
    title = {{A method for multiscale optimal analysis with application to Argo data}},
    year = {2015},
    journal = {Journal of Geophysical Research Oceans},
    author = {Gray, Alison R. and Riser, Stephen C.},
    pages = {4340--4356},
    volume = {120},
    doi = {10.1002/2014JC010208.Received},
    issn = {21699275}
}

@article{Gray2015ADatab,
    title = {{A method for multiscale optimal analysis with application to Argo data}},
    year = {2015},
    journal = {Journal of Geophysical Research Oceans},
    author = {Gray, Alison R. and Riser, Stephen C.},
    pages = {4340--4356},
    volume = {120},
    doi = {10.1002/2014JC010208.Received},
    issn = {21699275}
}

@article{NaveiraGarabato2016ACurrent,
    title = {{A microscale view of mixing and overturning across the Antarctic Circumpolar Current}},
    year = {2016},
    journal = {Journal of Physical Oceanography},
    author = {Naveira Garabato, Alberto C. and Polzin, Kurt L. and Ferrari, Raffaele and Zika, Jan D. and Forryan, Alexander},
    pages = {233--254},
    volume = {46},
    url = {http://journals.ametsoc.org/doi/abs/10.1175/JPO-D-15-0025.1?ai=pjo9&ui=7n2x&af=T},
    doi = {10.1175/JPO-D-15-0025.1},
    issn = {0022-3670}
}

@article{Sarmiento1984APCO2,
    title = {{A new model for the role of the oceans in determining atmospheric PCO2}},
    year = {1984},
    journal = {Nature},
    author = {Sarmiento, J. L. and Toggweiler, J. R.},
    number = {5960},
    month = {4},
    pages = {621--624},
    volume = {308},
    publisher = {Nature Publishing Group},
    url = {http://www.nature.com/doifinder/10.1038/308621a0},
    doi = {10.1038/308621a0},
    issn = {0028-0836}
}

@article{Callies2012AMixing,
    title = {{A simple and self-consistent geostrophic-force-balance model of the thermohaline circulation with boundary mixing}},
    year = {2012},
    journal = {Ocean Science},
    author = {Callies, J. and Marotzke, J.},
    number = {1},
    month = {1},
    pages = {49--63},
    volume = {8},
    url = {https://www.ocean-sci.net/8/49/2012/},
    doi = {10.5194/os-8-49-2012},
    issn = {1812-0792}
}

@article{Klymak2010AWaves,
    title = {{A simple mixing scheme for models that resolve breaking internal waves}},
    year = {2010},
    journal = {Ocean Modelling},
    author = {Klymak, Jody M. and Legg, Sonya M.},
    number = {3-4},
    month = {1},
    pages = {224--234},
    volume = {33},
    url = {http://linkinghub.elsevier.com/retrieve/pii/S1463500310000144},
    doi = {10.1016/j.ocemod.2010.02.005},
    issn = {14635003}
}

@article{Gnanadesikan1999APycnocline,
    title = {{A simple predictive model for the structure of the oceanic pycnocline}},
    year = {1999},
    journal = {Science (New York, N.Y.)},
    author = {Gnanadesikan, Anand},
    number = {5410},
    month = {3},
    pages = {2077--9},
    volume = {283},
    publisher = {American Association for the Advancement of Science},
    url = {http://www.ncbi.nlm.nih.gov/pubmed/10092229},
    doi = {10.1126/SCIENCE.283.5410.2077},
    pmid = {10092229}
}

@article{Salmon1986ATheory,
    title = {{A simplified linear ocean circulation theory}},
    year = {1986},
    journal = {Journal of Marine Research},
    author = {Salmon, Rick},
    number = {4},
    month = {11},
    pages = {695--711},
    volume = {44},
    url = {http://openurl.ingenta.com/content/xref?genre=article&issn=0022-2402&volume=44&issue=4&spage=695},
    doi = {10.1357/002224086788401602},
    issn = {00222402}
}

@article{BrethertonF.P.1976AMODE-73,
    title = {{A technique for objective analysis and design of oceanographic experiment applied to {\{}MODE{\}}-73}},
    year = {1976},
    journal = {Deep Sea Res.},
    author = {{Bretherton F. P.} and Davis, R E and Fandry, C B},
    number = {April 1975},
    pages = {559--582},
    volume = {23}
}

@article{BrethertonF.P.1976AMODE-73b,
    title = {{A technique for objective analysis and design of oceanographic experiment applied to {\{}MODE{\}}-73}},
    year = {1976},
    journal = {Deep Sea Res.},
    author = {{Bretherton F. P.} and Davis, R E and Fandry, C B},
    number = {April 1975},
    pages = {559--582},
    volume = {23}
}

@article{Nikurashin2011AOcean,
    title = {{A Theory of Deep Stratification and Overturning Circulation in the Ocean}},
    year = {2011},
    journal = {Journal of Physical Oceanography},
    author = {Nikurashin, Maxim and Vallis, Geoffrey},
    number = {3},
    month = {3},
    pages = {485--502},
    volume = {41},
    url = {http://journals.ametsoc.org/doi/abs/10.1175/2010JPO4529.1},
    doi = {10.1175/2010JPO4529.1},
    keywords = {Diapycnal mixing, Ocean circulation}
}

@article{Nikurashin2012AStratification,
    title = {{A Theory of the Interhemispheric Meridional Overturning Circulation and Associated Stratification}},
    year = {2012},
    journal = {Journal of Physical Oceanography},
    author = {Nikurashin, Maxim and Vallis, Geoffrey and Nikurashin, Maxim and Vallis, Geoffrey},
    number = {10},
    month = {10},
    pages = {1652--1667},
    volume = {42},
    url = {http://journals.ametsoc.org/doi/abs/10.1175/JPO-D-11-0189.1},
    doi = {10.1175/JPO-D-11-0189.1},
    issn = {0022-3670},
    keywords = {Abyssal circulation, Large-scale motions, Meridional overturning circulation, Ocean circulation, Ocean dynamics, Thermohaline circulation}
}

@article{Salmon1991AMixing,
    title = {{A two-dimensional model of boundary mixing}},
    year = {1991},
    journal = {Journal of Geophysical Research},
    author = {Salmon, Haydee and Killworth, Peter D. and Blundell, Jeffrey R.},
    number = {C10},
    month = {10},
    pages = {18447},
    volume = {96},
    publisher = {Wiley-Blackwell},
    url = {http://doi.wiley.com/10.1029/91JC01917},
    doi = {10.1029/91JC01917},
    issn = {0148-0227}
}

@article{Salmun1991AMixing,
    title = {{A two-dimensional model of boundary mixing}},
    year = {1991},
    journal = {Journal of Geophysical Research},
    author = {Salmun, Haydee and Killworth, Peter D. and Blundell, Jeffrey R.},
    number = {C10},
    month = {10},
    pages = {18447},
    volume = {96},
    publisher = {Wiley-Blackwell},
    url = {http://doi.wiley.com/10.1029/91JC01917},
    doi = {10.1029/91JC01917}
}

@article{Thompson1996AbyssalRises,
    title = {{Abyssal currents generated by diffusion and geothermal heating over rises}},
    year = {1996},
    journal = {Deep Sea Research Part I: Oceanographic Research Papers},
    author = {Thompson, Luanne and Johnson, Gregory C.},
    number = {2},
    month = {2},
    pages = {193--211},
    volume = {43},
    publisher = {Pergamon},
    url = {https://www.sciencedirect.com/science/article/pii/0967063796000957?via%3Dihub},
    doi = {10.1016/0967-0637(96)00095-7},
    issn = {0967-0637}
}

@article{Thompson1996AbyssalRisesb,
    title = {{Abyssal currents generated by diffusion and geothermal heating over rises}},
    year = {1996},
    journal = {Deep Sea Research Part I: Oceanographic Research Papers},
    author = {Thompson, Luanne and Johnson, Gregory C.},
    number = {2},
    month = {2},
    pages = {193--211},
    volume = {43},
    publisher = {Pergamon},
    url = {https://www.sciencedirect.com/science/article/pii/0967063796000957},
    doi = {10.1016/0967-0637(96)00095-7},
    issn = {0967-0637}
}

@article{deLavergne2017AbyssalDistribution,
    title = {{Abyssal ocean overturning shaped by seafloor distribution}},
    year = {2017},
    journal = {Nature},
    author = {de Lavergne, C. and Madec, G. and Roquet, F. and Holmes, R. M. and McDougall, T. J.},
    number = {7679},
    month = {11},
    pages = {181--186},
    volume = {551},
    publisher = {Nature Publishing Group},
    url = {http://www.nature.com/doifinder/10.1038/nature24472},
    doi = {10.1038/nature24472},
    issn = {0028-0836},
    keywords = {Palaeoceanography, Physical oceanography}
}

@article{Munk1966AbyssalRecipes,
    title = {{Abyssal recipes}},
    year = {1966},
    journal = {Deep Sea Research and Oceanographic Abstracts},
    author = {Munk, Walter H.},
    number = {4},
    pages = {707--730},
    volume = {13},
    isbn = {1600117471},
    doi = {10.1016/0011-7471(66)90602-4},
    issn = {00117471},
    arxivId = {cs/9605103}
}

@article{Munk1998AbyssalMixing,
    title = {{Abyssal Recipes II: energetics of tidal and wind mixing}},
    year = {1998},
    journal = {Deep-Sea Research Part I: Oceanographic Research Papers},
    author = {Munk, Walter H. and Wunsch, Carl},
    pages = {1978--2010},
    volume = {45}
}

@article{Mcdougall2016AbyssalMixing,
    title = {{Abyssal upwelling and downwelling driven by near boundary mixing}},
    year = {2016},
    author = {Mcdougall, Trevor J}
}

@article{McDougall2017AbyssalMixing,
    title = {{Abyssal Upwelling and Downwelling Driven by Near-Boundary Mixing}},
    year = {2017},
    journal = {Journal of Physical Oceanography},
    author = {McDougall, Trevor J. and Ferrari, Raffaele},
    number = {2},
    month = {2},
    pages = {261--283},
    volume = {47},
    url = {http://journals.ametsoc.org/doi/10.1175/JPO-D-16-0082.1},
    doi = {10.1175/JPO-D-16-0082.1},
    keywords = {Abyssal circulation, Diapycnal mixing, Diffusion, Mixing, Small scale processes, Upwelling/downwelling}
}

@article{Srinivasan2000AbyssalDiagnostics,
    title = {{Abyssal upwelling in the Indian Ocean: Radiocarbon diagnostics}},
    year = {2000},
    journal = {Journal of Marine Research},
    author = {Srinivasan, Ashwanth and Rooth, Claes G. H. and Top, Zafer and Olson, D. B.},
    number = {5},
    pages = {755--778},
    volume = {58},
    url = {http://www.scopus.com/inward/record.url?eid=2-s2.0-0034471846&partnerID=tZOtx3y1},
    isbn = {0022-2402},
    doi = {10.1357/002224000321358891},
    issn = {15439542}
}

@article{Edwards2016AcademicHypercompetition,
    title = {{Academic Research in the 21st Century: Maintaining Scientific Integrity in a Climate of Perverse Incentives and Hypercompetition}},
    year = {2016},
    journal = {Environmental Engineering Science},
    author = {Edwards, Marc A. and Roy, Siddhartha},
    number = {00},
    pages = {ees.2016.0223},
    volume = {00},
    url = {http://online.liebertpub.com/doi/10.1089/ees.2016.0223},
    doi = {10.1089/ees.2016.0223},
    issn = {1092-8758},
    keywords = {academic research, funding, misconduct, perverse incentives, scientific integrity}
}

@article{Khatiwala2001AgeGCM,
    title = {{Age tracers in an ocean GCM}},
    year = {2001},
    journal = {Deep-Sea Research Part I: Oceanographic Research Papers},
    author = {Khatiwala, S. and Visbeck, M. and Schlosser, P.},
    number = {6},
    pages = {1423--1441},
    volume = {48},
    isbn = {0967-0637},
    doi = {10.1016/S0967-0637(00)00094-7},
    issn = {09670637},
    keywords = {Age spectrum, Dyes, Radioactive tracers, Residence time, Transit time, Water circulation}
}

@article{Polzin2009AnRecipe,
    title = {{An abyssal recipe}},
    year = {2009},
    journal = {Ocean Modelling},
    author = {Polzin, Kurt L.},
    number = {4},
    month = {1},
    pages = {298--309},
    volume = {30},
    url = {http://linkinghub.elsevier.com/retrieve/pii/S1463500309001565},
    doi = {10.1016/j.ocemod.2009.07.006},
    issn = {14635003}
}

@article{Welander1959AnThermocline,
    title = {{An Advective Model of the Ocean Thermocline}},
    year = {1959},
    journal = {Tellus},
    author = {Welander, Pierre},
    number = {3},
    month = {8},
    pages = {309--318},
    volume = {11},
    publisher = {Wiley/Blackwell (10.1111)},
    url = {http://tellusa.net/index.php/tellusa/article/view/9316},
    doi = {10.1111/j.2153-3490.1959.tb00036.x}
}

@article{Farneti2015AnSimulations,
    title = {{An assessment of Antarctic Circumpolar Current and Southern Ocean meridional overturning circulation during 1958–2007 in a suite of interannual CORE-II simulations}},
    year = {2015},
    journal = {Ocean Modelling},
    author = {Farneti, Riccardo and Downes, Stephanie M. and Griffies, Stephen M. and Marsland, Simon J. and Behrens, Erik and Bentsen, Mats and Bi, Daohua and Biastoch, Arne and B{\"{o}}ning, Claus and Bozec, Alexandra and Canuto, Vittorio M. and Chassignet, Eric and Danabasoglu, Gokhan and Danilov, Sergey and Diansky, Nikolay and Drange, Helge and Fogli, Pier Giuseppe and Gusev, Anatoly and Hallberg, Robert W. and Howard, Armando and Ilicak, Mehmet and Jung, Thomas and Kelley, Maxwell and Large, William G. and Leboissetier, Anthony and Long, Matthew and Lu, Jianhua and Masina, Simona and Mishra, Akhilesh and Navarra, Antonio and George Nurser, A.J. and Patara, Lavinia and Samuels, Bonita L. and Sidorenko, Dmitry and Tsujino, Hiroyuki and Uotila, Petteri and Wang, Qiang and Yeager, Steve G.},
    pages = {84--120},
    volume = {93},
    doi = {10.1016/j.ocemod.2015.07.009},
    issn = {14635003}
}

@article{Mazloff2010AnEstimate,
    title = {{An Eddy-Permitting Southern Ocean State Estimate}},
    year = {2010},
    journal = {Journal of Physical Oceanography},
    author = {Mazloff, Matthew R. and Heimbach, Patrick and Wunsch, Carl},
    number = {5},
    pages = {880--899},
    volume = {40},
    url = {http://journals.ametsoc.org/doi/abs/10.1175/2009JPO4236.1},
    isbn = {0022-3670},
    doi = {10.1175/2009JPO4236.1},
    issn = {0022-3670},
    keywords = {Eddies, Meridional overturning circulation, Ocean circulation, Southern Ocean, Transport}
}

@article{Sallee2008AnOcean,
    title = {{An estimate of Lagrangian eddy statistics and diffusion in the mixed layer of the Southern Ocean}},
    year = {2008},
    journal = {Journal of Marine Research},
    author = {Sall{\'{e}}e, J B and Speer, Kevin and Morrow, R and Lumpkin, R},
    number = {4},
    pages = {441--463},
    volume = {66},
    url = {http://openurl.ingenta.com/content/xref?genre=article{&}issn=0022-2402{&}volume=66{&}issue=4{&}spage=441},
    isbn = {0022-2402},
    doi = {10.1357/002224008787157458},
    issn = {00222402}
}

@article{Phillips1986AnRates,
    title = {{An experiment on boundary mixing: mean circulation and transport rates}},
    year = {1986},
    journal = {Journal of Fluid Mechanics},
    author = {Phillips, O. M. and Shyu, Jinn-Hwa and Salmun, Haydee},
    number = {-1},
    month = {12},
    pages = {473},
    volume = {173},
    publisher = {Cambridge University Press},
    doi = {10.1017/S0022112086001234}
}

@article{Subin2012AnCESM1,
    title = {{An improved lake model for climate simulations: Model structure, evaluation, and sensitivity analyses in CESM1}},
    year = {2012},
    journal = {Journal of Advances in Modeling Earth Systems},
    author = {Subin, Zachary M. and Riley, William J. and Mironov, Dmitrii},
    number = {1},
    month = {2},
    pages = {M02001},
    volume = {4},
    publisher = {Wiley-Blackwell},
    url = {http://doi.wiley.com/10.1029/2011MS000072},
    doi = {10.1029/2011MS000072},
    issn = {1942-2466},
    keywords = {climate modeling, lake modeling}
}

@article{Springmann2016AnalysisChange,
    title = {{Analysis and valuation of the health and climate change cobenefits of dietary change}},
    year = {2016},
    journal = {Proceedings of the National Academy of Sciences of the United States of America},
    author = {Springmann, Marco and Godfray, H Charles J and Rayner, Mike and Scarborough, Peter},
    number = {15},
    pages = {4146--4151},
    volume = {113},
    isbn = {1476-4687},
    doi = {10.1073/pnas.1523119113},
    issn = {0027-8424},
    pmid = {27001851}
}

@article{Bitz2012AntarcticModel,
    title = {{Antarctic climate response to stratospheric ozone depletion in a fine resolution ocean climate model}},
    year = {2012},
    journal = {Geophysical Research Letters},
    author = {Bitz, C. M. and Polvani, L. M.},
    number = {20},
    pages = {1--5},
    volume = {39},
    isbn = {0094-8276},
    doi = {10.1029/2012GL053393},
    issn = {00948276},
    keywords = {Antarctic climate, ocean eddies, ozone depletion, sea ice change}
}

@article{Ferrari2014AntarcticClimates.,
    title = {{Antarctic sea ice control on ocean circulation in present and glacial climates.}},
    year = {2014},
    journal = {Proceedings of the National Academy of Sciences of the United States of America},
    author = {Ferrari, Raffaele and Jansen, Malte F and Adkins, Jess F and Burke, Andrea and Stewart, Andrew L and Thompson, Andrew F},
    number = {24},
    pages = {8753--8758},
    volume = {111},
    url = {http://www.pnas.org/content/111/24/8753},
    doi = {10.1073/pnas.1323922111},
    issn = {1091-6490},
    pmid = {24889624},
    keywords = {Algorithms, Antarctic Regions, Carbon Cycle, Climate, Computer Simulation, Ice Cover, Models, Oceanography, Oceans and Seas, Seawater, Theoretical, Time Factors, Water Movements}
}

@article{Sallee2013AssessmentResponse,
    title = {{Assessment of Southern Ocean water mass circulation and characteristics in CMIP5 models: Historical bias and forcing response}},
    year = {2013},
    journal = {Journal of Geophysical Research: Oceans},
    author = {Sall{\'{e}}e, J.-B. and Shuckburgh, E. and Bruneau, N. and Meijers, A. J. S. and Bracegirdle, T. J. and Wang, Z. and Roy, T.},
    number = {4},
    month = {4},
    pages = {1830--1844},
    volume = {118},
    url = {http://doi.wiley.com/10.1002/jgrc.20135},
    doi = {10.1002/jgrc.20135},
    issn = {21699275},
    keywords = {CMIP5, Southern Ocean, overturning, water mass}
}

@article{Sallee2013AssessmentResponseb,
    title = {{Assessment of Southern Ocean water mass circulation and characteristics in CMIP5 models: Historical bias and forcing response}},
    year = {2013},
    journal = {Journal of Geophysical Research: Oceans},
    author = {Sall{\'{e}}e, J.-B. and Shuckburgh, E. and Bruneau, N. and Meijers, A. J. S. and Bracegirdle, T. J. and Wang, Z. and Roy, T.},
    number = {4},
    month = {4},
    pages = {1830--1844},
    volume = {118},
    publisher = {Wiley-Blackwell},
    url = {http://doi.wiley.com/10.1002/jgrc.20135},
    doi = {10.1002/jgrc.20135},
    issn = {21699275},
    keywords = {CMIP5, Southern Ocean, overturning, water mass}
}

@article{Gasparin2015AssessmentVariability,
    title = {{Assessment of the upper-ocean observing system in the equatorial Pacific: The role of argo in resolving intraseasonal to interannual variability}},
    year = {2015},
    journal = {Journal of Atmospheric and Oceanic Technology},
    author = {Gasparin, Florent and Roemmich, Dean and Gilson, John and Cornuelle, Bruce},
    number = {9},
    pages = {1668--1688},
    volume = {32},
    doi = {10.1175/JTECH-D-14-00218.1},
    issn = {15200426},
    keywords = {ENSO, In situ oceanic observations, Oceanic, Profilers, Sampling}
}

@article{Garrett1993BoundaryBoundary,
    title = {{Boundary Mixing and Arrested Ekman Layers: Rotating Stratified Flow Near a Sloping Boundary}},
    year = {1993},
    journal = {Annual Review of Fluid Mechanics},
    author = {Garrett, C and MacCready, P and Rhines, P},
    number = {1},
    month = {1},
    pages = {291--323},
    volume = {25},
    publisher = { Annual Reviews  4139 El Camino Way, P.O. Box 10139, Palo Alto, CA 94303-0139, USA  },
    url = {http://www.annualreviews.org/doi/10.1146/annurev.fl.25.010193.001451},
    doi = {10.1146/annurev.fl.25.010193.001451},
    issn = {0066-4189}
}

@article{Imberger1993BoundaryReservoirs,
    title = {{Boundary mixing in stratified reservoirs}},
    year = {1993},
    journal = {Journal of Fluid Mechanics},
    author = {Imberger, J. and Ivey, G. N.},
    number = {-1},
    month = {3},
    pages = {477},
    volume = {248},
    publisher = {Cambridge University Press},
    url = {http://www.journals.cambridge.org/abstract_S0022112093000850},
    doi = {10.1017/S0022112093000850},
    issn = {0022-1120}
}

@article{Taylor2010BuoyancyFronts,
    title = {{Buoyancy and Wind-Driven Convection at Mixed Layer Density Fronts}},
    year = {2010},
    journal = {Journal of Physical Oceanography},
    author = {Taylor, John R. and Ferrari, Raffaele},
    number = {6},
    month = {6},
    pages = {1222--1242},
    volume = {40},
    url = {http://journals.ametsoc.org/doi/abs/10.1175/2010JPO4365.1},
    doi = {10.1175/2010JPO4365.1}
}

@article{MacCready1991BuoyantSpin-up,
    title = {{Buoyant inhibition of Ekman transport on a slope and its effect on stratified spin-up}},
    year = {1991},
    journal = {Journal of Fluid Mechanics},
    author = {MacCready, Parker and Rhines, Peter B.},
    number = {-1},
    month = {2},
    pages = {631},
    volume = {223},
    publisher = {Cambridge University Press},
    url = {http://www.journals.cambridge.org/abstract_S0022112091001581},
    doi = {10.1017/S0022112091001581},
    issn = {0022-1120}
}

@article{Brassard2010CanCorrect,
    title = {{Can quantum-mechanical description of physical reality be considered correct?}},
    year = {2010},
    journal = {Foundations of Physics},
    author = {Brassard, Gilles and M{\'{e}}thot, A. Allan},
    number = {4},
    pages = {463--468},
    volume = {40},
    isbn = {978-1-4020-9510-8},
    doi = {10.1007/s10701-010-9411-9},
    issn = {00159018},
    pmid = {201519800010},
    arxivId = {quant-ph/0701001},
    keywords = {Einstein-Podolsky-Rosen, Elements of reality, Logic, Quantum mechanics}
}

@article{Thompson1982CarbonResponse.,
    title = {{Carbon dioxide and climate: the importance of realistic geography in estimating the transient temperature response.}},
    year = {1982},
    journal = {Science (New York, N.Y.)},
    author = {Thompson, S L and Schneider, S H and Lacis, A. and Fung, I. and Rind, D. and Stone, P.},
    number = {4564},
    month = {9},
    pages = {1031--3},
    volume = {217},
    publisher = {American Association for the Advancement of Science},
    url = {http://www.ncbi.nlm.nih.gov/pubmed/17839339},
    doi = {10.1126/science.217.4564.1031},
    pmid = {17839339}
}

@article{Seager2015CausesDrought,
    title = {{Causes of the 2011–14 California Drought*}},
    year = {2015},
    journal = {Journal of Climate},
    author = {Seager, Richard and Hoerling, Martin and Schubert, Siegfried and Wang, Hailan and Lyon, Bradfield and Kumar, Arun and Nakamura, Jennifer and Henderson, Naomi},
    number = {18},
    month = {9},
    pages = {6997--7024},
    volume = {28},
    url = {http://journals.ametsoc.org/doi/10.1175/JCLI-D-14-00860.1},
    doi = {10.1175/JCLI-D-14-00860.1},
    issn = {0894-8755}
}

@article{Lavergne2014CessationChange,
    title = {{Cessation of deep convection in the open Southern Ocean under anthropogenic climate change}},
    year = {2014},
    journal = {Nature Climate Change},
    author = {Lavergne, Casimir De and Palter, Jaime B and Galbraith, Eric D and Bernardello, Ra and Marinov, Irina},
    number = {4},
    pages = {0--4},
    volume = {4},
    isbn = {1758-678X},
    doi = {10.1038/NCLIMATE2132},
    issn = {1758-678X}
}

@article{Heuze2015ChangesScenarios,
    title = {{Changes in Global Ocean Bottom Properties and Volume Transports in CMIP5 Models under Climate Change Scenarios*}},
    year = {2015},
    journal = {Journal of Climate},
    author = {Heuz{\'{e}}, Céline and Heywood, Karen J. and Stevens, David P. and Ridley, Jeff K.},
    number = {8},
    month = {4},
    pages = {2917--2944},
    volume = {28},
    url = {http://journals.ametsoc.org/doi/10.1175/JCLI-D-14-00381.1},
    doi = {10.1175/JCLI-D-14-00381.1}
}

@article{Talley2016ChangesHydrography,
    title = {{Changes in Ocean Heat, Carbon Content, and Ventilation: A Review of the First Decade of GO-SHIP Global Repeat Hydrography}},
    year = {2016},
    journal = {Annual Review of Marine Science},
    author = {Talley, L.D. and Feely, R.A. and Sloyan, B.M. and Wanninkhof, R. and Baringer, M.O. and Bullister, J.L. and Carlson, C.A. and Doney, S.C. and Fine, R.A. and Firing, E. and Gruber, N. and Hansell, D.A. and Ishii, M. and Johnson, G.C. and Katsumata, K. and Key, R.M. and Kramp, M. and Langdon, C. and Macdonald, A.M. and Mathis, J.T. and McDonagh, E.L. and Mecking, S. and Millero, F.J. and Mordy, C.W. and Nakano, T. and Sabine, C.L. and Smethie, W.M. and Swift, J.H. and Tanhua, T. and Thurnherr, A.M. and Warner, M.J. and Zhang, J.-Z.},
    number = {1},
    pages = {052915--100829},
    volume = {8},
    url = {http://www.annualreviews.org/doi/10.1146/annurev-marine-052915-100829},
    isbn = {1941-1405{\textbackslash}r978-0-8243-4508-2},
    doi = {10.1146/annurev-marine-052915-100829},
    issn = {1941-1405},
    pmid = {26515811},
    keywords = {anthropogenic climate change, ocean temperature change, salinity change}
}

@article{Waugh2014Changes:,
    title = {{Changes in the ventilation of the southern oceans Subject Areas :}},
    year = {2014},
    author = {Waugh, Darryn W.}
}

@article{Nycander2002ChaoticCurrent,
    title = {{Chaotic and regular trajectories in the {\textbackslash}textsc{\{}A{\}}ntarctic Circumpolar Current}},
    year = {2002},
    journal = {Tellus},
    author = {Nycander, Jonas and Doos, Kristofer and Coward, Andrew C},
    pages = {99--106},
    volume = {54A},
    keywords = {ACC, chao, trajectory}
}

@article{Primeau2005CharacterizingModel,
    title = {{Characterizing Transport between the Surface Mixed Layer and the Ocean Interior with a Forward and Adjoint Global Ocean Transport Model}},
    year = {2005},
    journal = {Journal of Physical Oceanography},
    author = {Primeau, François},
    number = {4},
    pages = {545--564},
    volume = {35},
    url = {http://journals.ametsoc.org/doi/abs/10.1175/JPO2699.1},
    isbn = {0022-3670},
    doi = {10.1175/JPO2699.1},
    issn = {0022-3670}
}

@article{StommelCienceSeas,
    title = {{cience of the Seven Seas}},
    author = {Stommel, Henry and College, Pierson and Uniyersity, Yale}
}

@article{Group2013ClimateBasis,
    title = {{Climate Change 2013: The Physical Science Basis}},
    year = {2013},
    author = {Group, Working},
    number = {January 2014}
}

@article{IPCC2014ClimatePolicymakers,
    title = {{Climate Change 2014 Synthesis Report Summary Chapter for Policymakers}},
    year = {2014},
    journal = {Ipcc},
    author = {{IPCC}},
    pages = {31},
    isbn = {9781107661820},
    doi = {10.1017/CBO9781107415324},
    issn = {1476-4687},
    pmid = {17429376},
    arxivId = {arXiv:1011.1669v3},
    keywords = {Climate change}
}

@article{MacKinnon2017ClimateMixing,
    title = {{Climate Process Team on Internal Wave–Driven Ocean Mixing}},
    year = {2017},
    journal = {Bulletin of the American Meteorological Society},
    author = {MacKinnon, Jennifer A. and Zhao, Zhongxiang and Whalen, Caitlin B. and Waterhouse, Amy F. and Trossman, David S. and Sun, Oliver M. and St. Laurent, Louis C. and Simmons, Harper L. and Polzin, Kurt and Pinkel, Robert and Pickering, Andrew and Norton, Nancy J. and Nash, Jonathan D. and Musgrave, Ruth and Merchant, Lynne M. and Melet, Angelique V. and Mater, Benjamin and Legg, Sonya and Large, William G. and Kunze, Eric and Klymak, Jody M. and Jochum, Markus and Jayne, Steven R. and Hallberg, Robert W. and Griffies, Stephen M. and Diggs, Steve and Danabasoglu, Gokhan and Chassignet, Eric P. and Buijsman, Maarten C. and Bryan, Frank O. and Briegleb, Bruce P. and Barna, Andrew and Arbic, Brian K. and Ansong, Joseph K. and Alford, Matthew H. and MacKinnon, Jennifer A. and Zhao, Zhongxiang and Whalen, Caitlin B. and Waterhouse, Amy F. and Trossman, David S. and Sun, Oliver M. and Laurent, Louis C. St. and Simmons, Harper L. and Polzin, Kurt and Pinkel, Robert and Pickering, Andrew and Norton, Nancy J. and Nash, Jonathan D. and Musgrave, Ruth and Merchant, Lynne M. and Melet, Angelique V. and Mater, Benjamin and Legg, Sonya and Large, William G. and Kunze, Eric and Klymak, Jody M. and Jochum, Markus and Jayne, Steven R. and Hallberg, Robert W. and Griffies, Stephen M. and Diggs, Steve and Danabasoglu, Gokhan and Chassignet, Eric P. and Buijsman, Maarten C. and Bryan, Frank O. and Briegleb, Bruce P. and Barna, Andrew and Arbic, Brian K. and Ansong, Joseph K. and Alford, Matthew H.},
    number = {11},
    month = {11},
    pages = {2429--2454},
    volume = {98},
    url = {http://journals.ametsoc.org/doi/10.1175/BAMS-D-16-0030.1},
    doi = {10.1175/BAMS-D-16-0030.1},
    issn = {0003-0007}
}

@article{Hansen1985ClimateMixing,
    title = {{Climate Response Times: Dependence on Climate Sensitivity and Ocean Mixing}},
    year = {1985},
    journal = {Science},
    author = {Hansen, J. and Russell, G. and Lacis, A. and Fung, I. and Rind, D. and Stone, P.},
    number = {4716},
    month = {8},
    pages = {857--859},
    volume = {229},
    url = {http://www.sciencemag.org/cgi/doi/10.1126/science.229.4716.857},
    doi = {10.1126/science.229.4716.857}
}

@article{Talley2013ClosureTransports,
    title = {{Closure of the Global Overturning Circulation Through the Indian, Pacific, and Southern Oceans: Schematics and Transports}},
    year = {2013},
    journal = {Oceanography},
    author = {Talley, Lynne D.},
    number = {1},
    pages = {80--97},
    volume = {26},
    url = {http://apps.webofknowledge.com/full_record.do?product=UA&search_mode=GeneralSearch&qid=14&SID=W1jPgx8kkS6brME6NvD&page=1&doc=1},
    isbn = {1042-8275},
    doi = {10.5670/oceanog.2013.07},
    issn = {1042-8275},
    pmid = {25246403},
    arxivId = {arXiv:1011.1669v3},
    keywords = {DEEP, DRAKE PASSAGE, FLOW PATTERNS, HEAT, THERMOCLINE, THERMOHALINE CIRCULATION, THROUGHFLOW, TOTAL GEOSTROPHIC CIRCULATION, TRACERS, WATER}
}

@article{Garrett1979CommentArmi,
    title = {{Comment on ‘Some evidence for boundary mixing in the deep ocean’ by Laurence Armi}},
    year = {1979},
    journal = {Journal of Geophysical Research},
    author = {Garrett, Christopher},
    number = {C8},
    month = {8},
    pages = {5095},
    volume = {84},
    publisher = {Wiley-Blackwell},
    url = {http://doi.wiley.com/10.1029/JC084iC08p05095},
    doi = {10.1029/JC084iC08p05095},
    issn = {0148-0227}
}

@article{Garrett1979CommentArmib,
    title = {{Comment on ‘Some evidence for boundary mixing in the deep ocean’ by Laurence Armi}},
    year = {1979},
    journal = {Journal of Geophysical Research},
    author = {Garrett, Christopher},
    number = {C8},
    month = {8},
    pages = {5095},
    volume = {84},
    publisher = {Wiley-Blackwell},
    url = {http://doi.wiley.com/10.1029/JC084iC08p05095},
    doi = {10.1029/JC084iC08p05095},
    issn = {0148-0227}
}

@article{Drijfhout2015CompetitionImbalance,
    title = {{Competition between global warming and an abrupt collapse of the AMOC in Earth’s energy imbalance}},
    year = {2015},
    journal = {Scientific Reports},
    author = {Drijfhout, Sybren},
    number = {October},
    pages = {14877},
    volume = {5},
    publisher = {Nature Publishing Group},
    url = {http://www.nature.com/doifinder/10.1038/srep14877},
    doi = {10.1038/srep14877},
    issn = {2045-2322},
    pmid = {26437599}
}

@article{OGorman2014ContrastingChange,
    title = {{Contrasting responses of mean and extreme snowfall to climate change}},
    year = {2014},
    journal = {Nature},
    author = {O'Gorman, Paul A.},
    number = {7515},
    pages = {416-U401},
    volume = {512},
    publisher = {Nature Publishing Group},
    url = {http://dx.doi.org/10.1038/nature13625},
    isbn = {0028-0836, 1476-4687},
    doi = {10.1038/nature13625},
    issn = {0028-0836},
    pmid = {25164753}
}

@article{Mazloff2015Cross-streamE,
    title = {{Cross-stream transport near the Drake Passage Jinbo Wang ´ Messias , Andrew Watson Marie-Jos e}},
    year = {2015},
    author = {Mazloff, Matthew R and Gille, Sarah T and Ledwell, James R}
}

@article{Thorpe1987CurrentSlope,
    title = {{Current and Temperature Variability on the Continental Slope}},
    year = {1987},
    journal = {Philosophical Transactions of the Royal Society A: Mathematical, Physical and Engineering Sciences},
    author = {Thorpe, S. A.},
    number = {1574},
    month = {10},
    pages = {471--517},
    volume = {323},
    publisher = {The Royal Society},
    url = {http://rsta.royalsocietypublishing.org/cgi/doi/10.1098/rsta.1987.0100},
    doi = {10.1098/rsta.1987.0100},
    issn = {1364-503X}
}

@article{Burns2016Dedalus:Equations,
    title = {{Dedalus: Flexible framework for spectrally solving differential equations}},
    year = {2016},
    journal = {Astrophysics Source Code Library, record ascl:1603.015},
    author = {Burns, Keaton J. and Vasil, Geoffrey M. and Oishi, Jeffrey S. and Lecoanet, Daniel and Brown, Benjamin},
    url = {http://adsabs.harvard.edu/abs/2016ascl.soft03015B},
    keywords = {Software}
}

@article{Huang2002DeepRidge,
    title = {{Deep Circulation in the South Atlantic Induced by Bottom-Intensified Mixing over the Midocean Ridge*}},
    year = {2002},
    journal = {Journal of Physical Oceanography},
    author = {Huang, Rui Xin and Jin, Xiangze},
    number = {4},
    month = {4},
    pages = {1150--1164},
    volume = {32},
    doi = {10.1175/1520-0485(2002)032<1150:DCITSA>2.0.CO;2}
}

@article{Ivey2008DensityMixing,
    title = {{Density Stratification, Turbulence, but How Much Mixing?}},
    year = {2008},
    journal = {Annual Review of Fluid Mechanics},
    author = {Ivey, G.N. and Winters, K.B. and Koseff, J.R.},
    number = {1},
    month = {1},
    pages = {169--184},
    volume = {40},
    publisher = {Annual Reviews},
    url = {http://www.annualreviews.org/doi/10.1146/annurev.fluid.39.050905.110314},
    doi = {10.1146/annurev.fluid.39.050905.110314}
}

@article{REID1968DetectionPacific,
    title = {{Detection of a Deep Boundary Current in the Western South Pacific}},
    year = {1968},
    journal = {Nature},
    author = {REID, JOSEPH and STOMMEL, HENRY and STROUP, E. DIXON and WARREN, BRUCE A.},
    number = {5132},
    month = {3},
    pages = {937--937},
    volume = {217},
    publisher = {Nature Publishing Group},
    url = {http://www.nature.com/doifinder/10.1038/217937a0},
    doi = {10.1038/217937a0},
    issn = {0028-0836}
}

@misc{Lorenz1963DeterministicFlow,
    title = {{Deterministic Nonperiodic Flow}},
    year = {1963},
    booktitle = {Journal of the Atmospheric Sciences},
    author = {Lorenz, Edward N.},
    number = {2},
    pages = {130--141},
    volume = {20},
    isbn = {0022-4928},
    doi = {10.1175/1520-0469(1963)020<0130:DNF>2.0.CO;2},
    issn = {0022-4928},
    pmid = {20394051}
}

@article{Wolfram2015DiagnosingLIGHT,
    title = {{Diagnosing Isopycnal Diffusivity in an Eddying, Idealized Midlatitude Ocean Basin via Lagrangian, in Situ, Global, High-Performance Particle Tracking (LIGHT)}},
    year = {2015},
    journal = {Journal of Physical Oceanography},
    author = {Wolfram, Phillip J. and Ringler, Todd D. and Maltrud, Mathew E. and Jacobsen, Douglas W. and Petersen, Mark R.},
    number = {8},
    month = {8},
    pages = {2114--2133},
    volume = {45},
    url = {http://journals.ametsoc.org/doi/10.1175/JPO-D-14-0260.1},
    doi = {10.1175/JPO-D-14-0260.1},
    issn = {0022-3670}
}

@article{Ledwell2011DiapycnalCurrent,
    title = {{Diapycnal Mixing in the Antarctic Circumpolar Current}},
    year = {2011},
    journal = {Journal of Physical Oceanography},
    author = {Ledwell, J. R. and St. Laurent, L. C. and Girton, J. B. and Toole, J. M.},
    number = {1},
    month = {1},
    pages = {241--246},
    volume = {41},
    url = {http://journals.ametsoc.org/doi/abs/10.1175/2010JPO4557.1},
    doi = {10.1175/2010JPO4557.1}
}

@article{Gregg1987DiapycnalReview,
    title = {{Diapycnal mixing in the thermocline: A review}},
    year = {1987},
    journal = {Journal of Geophysical Research},
    author = {Gregg, M. C.},
    number = {C5},
    month = {5},
    pages = {5249},
    volume = {92},
    publisher = {Wiley-Blackwell},
    url = {http://doi.wiley.com/10.1029/JC092iC05p05249},
    doi = {10.1029/JC092iC05p05249}
}

@article{Gregg1987DiapycnalReviewb,
    title = {{Diapycnal mixing in the thermocline: A review}},
    year = {1987},
    journal = {Journal of Geophysical Research},
    author = {Gregg, M. C.},
    number = {C5},
    month = {5},
    pages = {5249},
    volume = {92},
    publisher = {Wiley-Blackwell},
    url = {http://doi.wiley.com/10.1029/JC092iC05p05249},
    doi = {10.1029/JC092iC05p05249},
    issn = {0148-0227}
}

@article{Dell2015DiffusiveVaryingtopography,
    title = {{Diffusive boundary layers over varying topography}},
    year = {2015},
    journal = {Journal of Fluid Mechanics},
    author = {Dell, R. W. and Pratt, L. J.},
    month = {4},
    pages = {635--653},
    volume = {769},
    publisher = {Cambridge University Press},
    doi = {10.1017/jfm.2015.88},
    keywords = {boundary-layer structure, geophysical and geological flows, ocean processes}
}

@article{Britain1982DirectTransport,
    title = {{Direct estimates and mechanisms of ocean heat transport*}},
    year = {1982},
    author = {Britain, Great and Bryden, Harry L},
    number = {3},
    pages = {339--359},
    volume = {29}
}

@article{DeVries2011DynamicallyOcean,
    title = {{Dynamically and Observationally Constrained Estimates of Water-Mass Distributions and Ages in the Global Ocean}},
    year = {2011},
    journal = {Journal of Physical Oceanography},
    author = {DeVries, Tim and Primeau, François},
    number = {12},
    pages = {2381--2401},
    volume = {41},
    url = {http://journals.ametsoc.org/doi/abs/10.1175/JPO-D-10-05011.1},
    isbn = {0022-3670},
    doi = {10.1175/JPO-D-10-05011.1},
    issn = {0022-3670},
    keywords = {Data assimilation, Large-scale motions, Ocean circulation, Optimization, Tracers, Water masses}
}

@article{Callies2018DynamicsSlopes,
    title = {{Dynamics of an Abyssal Circulation Driven by Bottom-Intensified Mixing on Slopes}},
    year = {2018},
    journal = {Journal of Physical Oceanography},
    author = {Callies, Jörn and Ferrari, Raffaele},
    month = {4},
    pages = {17--0125},
    url = {http://journals.ametsoc.org/doi/10.1175/JPO-D-17-0125.1},
    doi = {10.1175/JPO-D-17-0125.1},
    issn = {0022-3670}
}

@article{Climatology2002EarthBudget,
    title = {{Earth ’ s Annual Global Energy Budget}},
    year = {2002},
    author = {Climatology, Ecological},
    pages = {197--208}
}

@article{Munday2013EddyCurrents,
    title = {{Eddy Saturation of Equilibrated Circumpolar Currents}},
    year = {2013},
    journal = {Journal of Physical Oceanography},
    author = {Munday, David R. and Johnson, Helen L. and Marshall, David P.},
    pages = {507--532},
    volume = {43},
    url = {http://journals.ametsoc.org/doi/abs/10.1175/JPO-D-12-095.1},
    doi = {10.1175/JPO-D-12-095.1},
    issn = {0022-3670},
    keywords = {1, 2 of the official, ams l, author use only, circumpolar currents, eddy saturation of equilibrated, generated using v3, journal page layout for, not for submission, tex template}
}

@article{Mashayek2017EfficiencyCirculation,
    title = {{Efficiency of turbulent mixing in the abyssal ocean circulation}},
    year = {2017},
    journal = {Geophysical Research Letters},
    author = {Mashayek, A. and Salehipour, H. and Bouffard, D. and Caulfield, C. P. and Ferrari, R. and Nikurashin, M. and Peltier, W. R. and Smyth, W. D.},
    number = {12},
    month = {6},
    pages = {6296--6306},
    volume = {44},
    publisher = {Wiley-Blackwell},
    url = {http://doi.wiley.com/10.1002/2016GL072452},
    doi = {10.1002/2016GL072452},
    issn = {00948276},
    keywords = {climate dynamics, ocean circulation, oceanography, shear turbulence, stratified turbulence, turbulent mixing}
}

@article{GriffiesElementsArticles,
    title = {{Elements of Style for Writing Scientific Journal Articles}},
    author = {Griffies, Stephen M}
}

@article{Griffies2012ElementsRelease,
    title = {{Elements of the Modular Ocean Model (MOM): 2012 release}},
    year = {2012},
    journal = {GFDL Ocean Group Technical Report No. 7},
    author = {Griffies, Steve M},
    number = {C},
    pages = {1--631},
    volume = {3},
    url = {http://mom-ocean.org/web/docs/project/MOM5_elements.pdf\npapers3://publication/uuid/FF6B8B2D-A09C-4E2E-BB71-3CC5B5928CF5}
}

@article{Thompson2014EquilibrationMeanders,
    title = {{Equilibration of the Antarctic Circumpolar Current by Standing Meanders}},
    year = {2014},
    journal = {Journal of Physical Oceanography},
    author = {Thompson, Andrew F. and Naveira Garabato, Alberto C.},
    number = {7},
    pages = {1811--1828},
    volume = {44},
    url = {http://journals.ametsoc.org/doi/abs/10.1175/JPO-D-13-0163.1},
    isbn = {0022-3670},
    doi = {10.1175/JPO-D-13-0163.1},
    issn = {0022-3670},
    keywords = {Circulation/ Dynamics, Fluxes, Geographic location/entity, Mesoscale processes, Physical Meteorology and Climatology, Southern Ocean, Stationary waves, Topographic effects, Vorticity}
}

@misc{Kawase1987EstablishmentProduction,
    title = {{Establishment of Deep Ocean Circulation Driven by Deep-Water Production}},
    year = {1987},
    booktitle = {Journal of Physical Oceanography},
    author = {Kawase, Mitsuhiro},
    number = {12},
    pages = {2294--2317},
    volume = {17},
    doi = {10.1175/1520-0485(1987)017<2294:EODOCD>2.0.CO;2},
    issn = {0022-3670}
}

@article{Osborn1980EstimatesMeasurements,
    title = {{Estimates of the Local Rate of Vertical Diffusion from Dissipation Measurements}},
    year = {1980},
    journal = {Journal of Physical Oceanography},
    author = {Osborn, T. R.},
    number = {1},
    month = {1},
    pages = {83--89},
    volume = {10},
    url = {http://journals.ametsoc.org/doi/abs/10.1175/1520-0485%281980%29010%3C0083%3AEOTLRO%3E2.0.CO%3B2},
    doi = {10.1175/1520-0485(1980)010<0083:EOTLRO>2.0.CO;2}
}

@article{Whalen2015EstimatingParameterization,
    title = {{Estimating the Mean Diapycnal Mixing Using a Finescale Strain Parameterization}},
    year = {2015},
    journal = {Journal of Physical Oceanography},
    author = {Whalen, Caitlin B. and MacKinnon, Jennifer a. and Talley, Lynne D. and Waterhouse, Amy F.},
    number = {4},
    pages = {1174--1188},
    volume = {45},
    url = {http://dx.doi.org/10.1175/JPO-D-14-0167.1\nhttp://journals.ametsoc.org/doi/abs/10.1175/JPO-D-14-0167.1},
    isbn = {0003-0007},
    doi = {10.1175/JPO-D-14-0167.1},
    issn = {0022-3670},
    pmid = {17798761}
}

@article{Ledwell2000EvidenceOcean,
    title = {{Evidence for enhanced mixing over rough topography in the abyssal ocean}},
    year = {2000},
    journal = {Nature},
    author = {Ledwell, J. R. and Montgomery, E. T. and Polzin, K. L. and St. Laurent, L. C. and Schmitt, R. W. and Toole, J. M.},
    number = {6766},
    month = {1},
    pages = {179--182},
    volume = {403},
    publisher = {Nature Publishing Group},
    url = {http://www.nature.com/articles/35003164},
    doi = {10.1038/35003164},
    issn = {0028-0836}
}

@article{Ledwell1993EvidenceExperiment,
    title = {{Evidence for slow mixing across the pycnocline from an open-ocean tracer-release experiment}},
    year = {1993},
    journal = {Nature},
    author = {Ledwell, James R. and Watson, Andrew J. and Law, Clifford S.},
    number = {6439},
    month = {8},
    pages = {701--703},
    volume = {364},
    publisher = {Nature Publishing Group},
    url = {http://www.nature.com/doifinder/10.1038/364701a0},
    doi = {10.1038/364701a0},
    issn = {0028-0836}
}

@article{Riser2016FifteenArray,
    title = {{Fifteen years of ocean observations with the global Argo array}},
    year = {2016},
    journal = {Nature Clim. Change},
    author = {Riser, Stephen C and Freeland, Howard J and Roemmich, Dean and Wijffels, Susan and Troisi, Ariel and Belbeoch, Mathieu and Gilbert, Denis and Xu, Jianping and Pouliquen, Sylvie and Thresher, Ann and Le Traon, Pierre-Yves and Maze, Guillaume and Klein, Birgit and Ravichandran, M and Grant, Fiona and Poulain, Pierre-Marie and Suga, Toshio and Lim, Byunghwan and Sterl, Andreas and Sutton, Philip and Mork, Kjell-Arne and Velez-Belchi, Pedro Joaquin and Ansorge, Isabelle and King, Brian and Turton, Jon and Baringer, Molly and Jayne, Steven R},
    number = {2},
    pages = {145--153},
    volume = {6},
    publisher = {Nature Publishing Group},
    url = {http://dx.doi.org/10.1038/nclimate2872\nhttp://10.1038/nclimate2872},
    doi = {10.1038/nclimate2872},
    issn = {1758-678X}
}

@article{LaCasce2014Float-DerivedExperiment,
    title = {{Float-Derived Isopycnal Diffusivities in the DIMES Experiment}},
    year = {2014},
    journal = {Journal of Physical Oceanography},
    author = {LaCasce, J. H. and Ferrari, R. and Marshall, J. and Tulloch, R. and Balwada, D. and Speer, K.},
    number = {2},
    pages = {764--780},
    volume = {44},
    url = {http://journals.ametsoc.org/doi/abs/10.1175/JPO-D-13-0175.1},
    doi = {10.1175/JPO-D-13-0175.1},
    issn = {0022-3670}
}

@article{Benthuysen2012FrictionVorticity,
    title = {{Friction and Diapycnal Mixing at a Slope: Boundary Control of Potential Vorticity}},
    year = {2012},
    journal = {Journal of Physical Oceanography},
    author = {Benthuysen, Jessica and Thomas, Leif N. and Benthuysen, Jessica and Thomas, Leif N.},
    number = {9},
    month = {9},
    pages = {1509--1523},
    volume = {42},
    url = {http://journals.ametsoc.org/doi/abs/10.1175/JPO-D-11-0130.1},
    doi = {10.1175/JPO-D-11-0130.1},
    issn = {0022-3670},
    keywords = {Abyssal circulation, Friction, Mixing, Potential vorticity, Topographic effects}
}

@article{Griffies2004FundamentalsModels,
    title = {{Fundamentals of ocean climate models}},
    year = {2004},
    journal = {Princeton University Press},
    author = {Griffies, Stephen M.},
    pages = {518 pp},
    isbn = {9780691118925},
    pmid = {25246403}
}

@article{Vallis2016GeophysicalWhy,
    title = {{Geophysical fluid dynamics: whence, whither and why?}},
    year = {2016},
    journal = {Proceedings of the Royal Society A: Mathematical, Physical and Engineering Science},
    author = {Vallis, Geoffrey K.},
    number = {2192},
    pages = {20160140},
    volume = {472},
    url = {http://rspa.royalsocietypublishing.org/content/472/2192/20160140?etoc},
    doi = {10.1098/rspa.2016.0140},
    issn = {1364-5021},
    keywords = {astrophysics, meteorology, oceanography}
}

@article{Emile-Geay2009GeothermalCirculation,
    title = {{Geothermal heating, diapycnal mixing and the abyssal circulation}},
    year = {2009},
    journal = {Ocean Science},
    author = {Emile-Geay, J. and Madec, G.},
    number = {2},
    month = {6},
    pages = {203--217},
    volume = {5},
    url = {http://www.ocean-sci.net/5/203/2009/},
    doi = {10.5194/os-5-203-2009},
    issn = {1812-0792}
}

@article{Gri2014GFDLCORE-Zika,
    title = {{GFDL contributions to CORE-Zika}},
    year = {2014},
    author = {Gri, Stephen},
    pages = {1--12}
}

@article{Dunne2012GFDLsCharacteristics,
    title = {{GFDL’s ESM2 Global Coupled Climate–Carbon Earth System Models. Part I: Physical Formulation and Baseline Simulation Characteristics}},
    year = {2012},
    journal = {Journal of Climate},
    author = {Dunne, John P. and John, Jasmin G. and Adcroft, Alistair J. and Griffies, Stephen M. and Hallberg, Robert W. and Shevliakova, Elena and Stouffer, Ronald J. and Cooke, William and Dunne, Krista A. and Harrison, Matthew J. and Krasting, John P. and Malyshev, Sergey L. and Milly, P. C. D. and Phillipps, Peter J. and Sentman, Lori T. and Samuels, Bonita L. and Spelman, Michael J. and Winton, Michael and Wittenberg, Andrew T. and Zadeh, Niki},
    number = {19},
    month = {10},
    pages = {6646--6665},
    volume = {25},
    url = {http://journals.ametsoc.org/doi/abs/10.1175/JCLI-D-11-00560.1},
    doi = {10.1175/JCLI-D-11-00560.1}
}

@article{Curry2005GlacialOcean,
    title = {{Glacial water mass geometry and the distribution of {$\delta$} <sup>13</sup> C of {$\Sigma$}CO <sub>2</sub> in the western Atlantic Ocean}},
    year = {2005},
    journal = {Paleoceanography},
    author = {Curry, W. B. and Oppo, D. W.},
    number = {1},
    month = {3},
    pages = {n/a-n/a},
    volume = {20},
    url = {http://doi.wiley.com/10.1029/2004PA001021},
    doi = {10.1029/2004PA001021},
    issn = {08838305},
    keywords = {ice age, ocean chemistry, ocean circulation}
}

@article{Waterhouse2014GlobalRate,
    title = {{Global Patterns of Diapycnal Mixing from Measurements of the Turbulent Dissipation Rate}},
    year = {2014},
    journal = {Journal of Physical Oceanography},
    author = {Waterhouse, Amy F. and MacKinnon, Jennifer a. and Nash, Jonathan D. and Alford, Matthew H. and Kunze, Eric and Simmons, Harper L. and Polzin, Kurt L. and St. Laurent, Louis C. and Sun, Oliver M. and Pinkel, Robert and Talley, Lynne D. and Whalen, Caitlin B. and Huussen, Tycho N. and Carter, Glenn S. and Fer, Ilker and Waterman, Stephanie and Naveira Garabato, Alberto C. and Sanford, Thomas B. and Lee, Craig M.},
    number = {7},
    pages = {1854--1872},
    volume = {44},
    url = {http://journals.ametsoc.org/doi/abs/10.1175/JPO-D-13-0104.1},
    isbn = {0022-3670},
    doi = {10.1175/JPO-D-13-0104.1},
    issn = {0022-3670},
    keywords = {Circulation/ Dynamics, Diapycnal mixing, Internal waves}
}

@article{Knutson2015GlobalScenarios,
    title = {{Global Projections of Intense Tropical Cyclone Activity for the Late Twenty-First Century from Dynamical Downscaling of CMIP5/RCP4.5 Scenarios}},
    year = {2015},
    journal = {Journal of Climate},
    author = {Knutson, Thomas R. and Sirutis, Joseph J. and Zhao, Ming and Tuleya, Robert E. and Bender, Morris and Vecchi, Gabriel A. and Villarini, Gabriele and Chavas, Daniel},
    number = {18},
    month = {9},
    pages = {7203--7224},
    volume = {28},
    url = {http://journals.ametsoc.org/doi/10.1175/JCLI-D-15-0129.1},
    doi = {10.1175/JCLI-D-15-0129.1},
    issn = {0894-8755}
}

@article{Solberg1957HansenBjerknes,
    title = {{Hansen, sverdrup, bjerknes,}},
    year = {1957},
    author = {Solberg, H},
    pages = {83--84}
}

@article{Bowden1981Henry1945,
    title = {{Henry Stommel and physical oceanography since 1945}},
    year = {1981},
    journal = {Nature},
    author = {Bowden, K.F.},
    number = {5814},
    pages = {437--437},
    volume = {291},
    doi = {10.1038/291437a0},
    issn = {0028-0836}
}

@article{Sarmiento2004High-latitudeProductivity,
    title = {{High-latitude controls of thermocline nutrients and low latitude biological productivity}},
    year = {2004},
    journal = {Nature, Published online: 01 January 2004; | doi:10.1038/nature02127},
    author = {Sarmiento, J. L. and Gruber, N. and Brzezinski, M. A. and Dunne, J. P.},
    number = {6969},
    pages = {56},
    volume = {427},
    publisher = {Nature Publishing Group},
    url = {http://www.nature.com/nature/journal/v427/n6969/full/nature02127.html},
    doi = {10.1038/nature02127}
}

@article{Cheng2016HowRisk,
    title = {{How Has Human-Induced Climate Change Affected California Drought Risk?}},
    year = {2016},
    journal = {Journal of Climate},
    author = {Cheng, Linyin and Hoerling, Martin and AghaKouchak, Amir and Livneh, Ben and Quan, Xiao-Wei and Eischeid, Jon},
    number = {1},
    month = {1},
    pages = {111--120},
    volume = {29},
    url = {http://journals.ametsoc.org/doi/10.1175/JCLI-D-15-0260.1},
    doi = {10.1175/JCLI-D-15-0260.1},
    issn = {0894-8755}
}

@article{Gebbie2011HowFilled,
    title = {{How is the ocean filled?}},
    year = {2011},
    journal = {Geophysical Research Letters},
    author = {Gebbie, Geoffrey and Huybers, Peter},
    number = {6},
    pages = {1--5},
    volume = {38},
    isbn = {0094-8276},
    doi = {10.1029/2011GL046769},
    issn = {00948276},
    keywords = {http://dx.doi.org/10.1029/2011GL046769, doi:10.102}
}

@article{Froyland2014HowOcean,
    title = {{How well-connected is the surface of the global ocean?}},
    year = {2014},
    journal = {Chaos},
    author = {Froyland, Gary and Stuart, Robyn M. and van Sebille, Erik},
    number = {3},
    volume = {24},
    doi = {10.1063/1.4892530},
    issn = {10541500},
    pmid = {25273206}
}

@article{Marshall1997HydrostaticModeling,
    title = {{Hydrostatic, quasi-hydrostatic, and nonhydrostatic ocean modeling}},
    year = {1997},
    journal = {Journal of Geophysical Research},
    author = {Marshall, John and Hill, Chris and Perelman, Lev and Adcroft, Alistair},
    number = {C3},
    pages = {5733},
    volume = {102},
    isbn = {2156-2202},
    doi = {10.1029/96JC02776},
    issn = {0148-0227},
    keywords = {http://dx.doi.org/10.1029/96JC02776, doi:10.1029/9}
}

@article{Drijfhout2003ImpactCirculation,
    title = {{Impact of eddy-induced transport on the Lagrangian structure of the upper branch of the thermohaline circulation}},
    year = {2003},
    journal = {Journal of Physical Oceanography},
    author = {Drijfhout, S.S. and De Vries, P. and Doos, K. and Coward, A.C.},
    pages = {2141--2155},
    volume = {33},
    url = {http://dx.doi.org/10.1175/1520-0485(2003)033<2141:IOETOT>2.0.CO;2},
    doi = {10.1175/1520-0485(2003)033<2141:IOETOT>2.0.CO;2},
    issn = {0022-3670},
    keywords = {GC Oceanography}
}

@article{Forster2016InferenceBudget,
    title = {{Inference of Climate Sensitivity from Analysis of Earth's Energy Budget}},
    year = {2016},
    journal = {Annual Review of Earth and Planetary Sciences},
    author = {Forster, Piers M.},
    number = {1},
    pages = {060614--105156},
    volume = {44},
    url = {http://www.annualreviews.org/doi/10.1146/annurev-earth-060614-105156},
    doi = {10.1146/annurev-earth-060614-105156},
    issn = {0084-6597},
    keywords = {aerosol, ocean heat uptake, radiative forcing, simple climate models, transient climate response}
}

@article{Mashayek2015InfluenceCirculation,
    title = {{Influence of Enhanced Abyssal Diapycnal Mixing on Stratification and the Ocean Overturning Circulation}},
    year = {2015},
    journal = {Journal of Physical Oceanography},
    author = {Mashayek, A and Ferrari, R and Nikurashin, M and Peltier, W R},
    number = {10},
    pages = {2580--2597},
    volume = {45},
    url = {http://dx.doi.org/10.1175/JPO-D-15-0039.1\nhttp://journals.ametsoc.org/doi/abs/10.1175/JPO-D-15-0039.1},
    doi = {10.1175/JPO-D-15-0039.1},
    issn = {0022-3670},
    keywords = {Abyssal circulation, Atm/Ocean Structure/ Phenomena, Bottom currents/bottom water, Circulation/ Dynamics, Diapycnal mixing, Eddies, Ocean circulation}
}

@article{Mashayek2015InfluenceCirculationb,
    title = {{Influence of Enhanced Abyssal Diapycnal Mixing on Stratification and the Ocean Overturning Circulation}},
    year = {2015},
    journal = {Journal of Physical Oceanography},
    author = {Mashayek, A. and Ferrari, R. and Nikurashin, M. and Peltier, W. R.},
    number = {10},
    month = {10},
    pages = {2580--2597},
    volume = {45},
    url = {http://journals.ametsoc.org/doi/10.1175/JPO-D-15-0039.1},
    doi = {10.1175/JPO-D-15-0039.1},
    issn = {0022-3670}
}

@article{Winton2013InfluenceSensitivities,
    title = {{Influence of Ocean and Atmosphere Components on Simulated Climate Sensitivities}},
    year = {2013},
    journal = {Journal of Climate},
    author = {Winton, Michael and Adcroft, Alistair and Griffies, Stephen M. and Hallberg, Robert W. and Horowitz, Larry W. and Stouffer, Ronald J.},
    number = {1},
    month = {1},
    pages = {231--245},
    volume = {26},
    url = {http://journals.ametsoc.org/doi/abs/10.1175/JCLI-D-12-00121.1},
    doi = {10.1175/JCLI-D-12-00121.1}
}

@article{Garrett2003InternalMixing,
    title = {{Internal Tides and Ocean Mixing}},
    year = {2003},
    journal = {Science},
    author = {Garrett, Chris},
    number = {5641},
    volume = {301}
}

@article{Gordon1986InteroceanWater,
    title = {{Interocean exchange of thermocline water}},
    year = {1986},
    journal = {J. Geophys. Res.},
    author = {Gordon, Arnold L.},
    number = {6},
    pages = {5037--5046},
    volume = {91},
    url = {http://adsabs.harvard.edu/cgi-bin/nph-data_query?bibcode=1986JGR....91.5037G&link_type=EJOURNAL\npapers3://publication/doi/10.1029/JC091iC04p05037},
    isbn = {0148-0227},
    doi = {10.1029/JC091iC04p05037},
    issn = {01480227},
    keywords = {doi:10., http://dx.doi.org/10.1029/JC091iC04p05037}
}

@misc{Gent1990IsopycnalModels,
    title = {{Isopycnal Mixing in Ocean Circulation Models}},
    year = {1990},
    booktitle = {Journal of Physical Oceanography},
    author = {Gent, Peter R. and Mcwilliams, James C.},
    number = {1},
    pages = {150--155},
    volume = {20},
    url = {http://journals.ametsoc.org/doi/abs/10.1175/1520-0485(1990)020<0150:IMIOCM>2.0.CO;2},
    isbn = {0022-3670},
    doi = {10.1175/1520-0485(1990)020<0150:IMIOCM>2.0.CO;2},
    issn = {0022-3670}
}

@article{Einstein1905IstAbhngig,
    title = {{Ist die Tr??gheit eines K??rpers von seinem Energieinhalt abh??ngig?}},
    year = {1905},
    journal = {Annalen der Physik},
    author = {Einstein, A.},
    number = {13},
    pages = {639--641},
    volume = {323},
    isbn = {1521-3889},
    doi = {10.1002/andp.19053231314},
    issn = {15213889},
    pmid = {7278865872955366478}
}

@article{Small2014JournalSystems,
    title = {{Journal of Advances in Modeling Earth Systems}},
    year = {2014},
    journal = {Journal of Advances in Modeling Earth Systems},
    author = {Small, Justin and Bony, Sandrine},
    pages = {513--526},
    volume = {6},
    doi = {10.1002/2013MS000282.Received},
    issn = {19422466}
}

@article{Doos2008LagrangianCell,
    title = {{Lagrangian decomposition of the Deacon Cell}},
    year = {2008},
    journal = {Journal of Geophysical Research: Oceans},
    author = {D{\"{o}}{\"{o}}s, K. and Nycander, J. and Coward, A. C.},
    number = {7},
    pages = {1--13},
    volume = {113},
    isbn = {0148-0227},
    doi = {10.1029/2007JC004351},
    issn = {21699291}
}

@article{Doos2008LagrangianCellb,
    title = {{Lagrangian decomposition of the Deacon Cell}},
    year = {2008},
    journal = {Journal of Geophysical Research: Oceans},
    author = {D{\"{o}}{\"{o}}s, K. and Nycander, J. and Coward, A. C.},
    number = {7},
    pages = {1--13},
    volume = {113},
    isbn = {0148-0227},
    doi = {10.1029/2007JC004351},
    issn = {21699291}
}

@article{Sebille2016LagrangianPractices,
    title = {{Lagrangian ocean analysis : fundamentals and practices}},
    year = {2016},
    author = {Sebille, Erik Van and Kjellsson, Joakim and Macgilchrist, Graeme A and Stephen, M}
}

@article{Sebille2016LagrangianPracticesb,
    title = {{Lagrangian ocean analysis : fundamentals and practices}},
    year = {2016},
    author = {Sebille, Erik Van and Kjellsson, Joakim and Macgilchrist, Graeme A and Stephen, M}
}

@article{vanSebille2018LagrangianPractices,
    title = {{Lagrangian ocean analysis: Fundamentals and practices}},
    year = {2018},
    journal = {Ocean Modelling},
    author = {van Sebille, Erik and Griffies, Stephen M. and Abernathey, Ryan and Adams, Thomas P. and Berloff, Pavel and Biastoch, Arne and Blanke, Bruno and Chassignet, Eric P. and Cheng, Yu and Cotter, Colin J. and Deleersnijder, Eric and D{\"{o}}{\"{o}}s, Kristofer and Drake, Henri F. and Drijfhout, Sybren and Gary, Stefan F. and Heemink, Arnold W. and Kjellsson, Joakim and Koszalka, Inga Monika and Lange, Michael and Lique, Camille and MacGilchrist, Graeme A. and Marsh, Robert and Mayorga Adame, C. Gabriela and McAdam, Ronan and Nencioli, Francesco and Paris, Claire B. and Piggott, Matthew D. and Polton, Jeff A. and R{\"{u}}hs, Siren and Shah, Syed H.A.M. and Thomas, Matthew D. and Wang, Jinbo and Wolfram, Phillip J. and Zanna, Laure and Zika, Jan D.},
    pages = {49--75},
    volume = {121},
    url = {http://www.sciencedirect.com/science/article/pii/S1463500317301853},
    doi = {10.1016/j.ocemod.2017.11.008},
    issn = {14635003}
}

@article{Samelson1998Large-ScaleMixing,
    title = {{Large-Scale Circulation with Locally Enhanced Vertical Mixing*}},
    year = {1998},
    journal = {Journal of Physical Oceanography},
    author = {Samelson, R. M.},
    number = {4},
    month = {4},
    pages = {712--726},
    volume = {28},
    url = {http://journals.ametsoc.org/doi/abs/10.1175/1520-0485%281998%29028%3C0712%3ALSCWLE%3E2.0.CO%3B2},
    doi = {10.1175/1520-0485(1998)028<0712:LSCWLE>2.0.CO;2}
}

@article{Spall2001Large-ScaleBottom,
    title = {{Large-Scale Circulations Forced by Localized Mixing over a Sloping Bottom*}},
    year = {2001},
    journal = {Journal of Physical Oceanography},
    author = {Spall, Michael A.},
    number = {8},
    month = {8},
    pages = {2369--2384},
    volume = {31},
    url = {http://journals.ametsoc.org/doi/abs/10.1175/1520-0485%282001%29031%3C2369%3ALSCFBL%3E2.0.CO%3B2},
    doi = {10.1175/1520-0485(2001)031<2369:LSCFBL>2.0.CO;2}
}

@article{Schiff1966LateralConvection,
    title = {{Lateral boundary mixing in a simple model of ocean convection}},
    year = {1966},
    journal = {Deep Sea Research and Oceanographic Abstracts},
    author = {Schiff, L.I.},
    number = {4},
    month = {8},
    pages = {621--626},
    volume = {13},
    publisher = {Elsevier},
    url = {https://www.sciencedirect.com/science/article/pii/0011747166905936},
    doi = {10.1016/0011-7471(66)90593-6},
    issn = {0011-7471}
}

@misc{Purcell1977LifeNumber,
    title = {{Life at low Reynolds number}},
    year = {1977},
    booktitle = {American Journal of Physics},
    author = {Purcell, Em},
    number = {1},
    pages = {3},
    volume = {45},
    url = {http://www.damtp.cam.ac.uk/user/gold/pdfs/purcell.pdf\nhttp://scitation.aip.org/content/aapt/journal/ajp/45/1/10.1119/1.10903},
    isbn = {157851875X},
    doi = {10.1119/1.10903},
    issn = {00029505},
    pmid = {119},
    arxivId = {arXiv:1011.1669v3}
}

@article{Salmon1998LinearBathymetry,
    title = {{Linear ocean circulation theory with realistic bathymetry}},
    year = {1998},
    journal = {Journal of Marine Research},
    author = {Salmon, Rick},
    number = {4},
    month = {7},
    pages = {833--884},
    volume = {56},
    url = {http://www.ingentaselect.com/rpsv/cgi-bin/cgi?ini=xref&body=linker&reqdoi=10.1357/002224098321667396},
    doi = {10.1357/002224098321667396},
    issn = {15439542}
}

@article{Jagoutz2016Low-latitudeCooling,
    title = {{Low-latitude arc–continent collision as a driver for global cooling}},
    year = {2016},
    journal = {Proceedings of the National Academy of Sciences },
    author = {Jagoutz, Oliver and Macdonald, Francis A and Royden, Leigh},
    number = {18 },
    pages = {4935--4940},
    volume = {113 },
    url = {http://www.pnas.org/content/113/18/4935.abstract},
    doi = {10.1073/pnas.1523667113},
    issn = {0027-8424}
}

@article{Garrett1991MarginalTheories,
    title = {{Marginal mixing theories}},
    year = {1991},
    journal = {Atmosphere-Ocean},
    author = {Garrett, Chris},
    number = {2},
    month = {6},
    pages = {313--339},
    volume = {29},
    publisher = { Taylor {\&} Francis Group },
    url = {http://www.tandfonline.com/doi/abs/10.1080/07055900.1991.9649407},
    doi = {10.1080/07055900.1991.9649407},
    issn = {0705-5900}
}

@article{U.S.EnvironmentalProtectionAgencyMarinePacific,
    title = {{Marine Debris in the North Pacific}},
    journal = {A summary of Existing Information and Identification of Data Gaps},
    author = {{U.S. Environmental Protection Agency}},
    number = {November 2011},
    pages = {23},
    keywords = {coastal, debris, marine, north pacific gyre, ocean}
}

@misc{McDougall1989_dianeutral_advection.pdf,
    title = {{McDougall1989{\_}dianeutral{\_}advection.pdf}}
}

@article{SalleeMean-flowOcean,
    title = {{Mean-flow and topographic control on surface eddy-mixing in the Southern Ocean}},
    author = {Sall{\'{e}}e, J.B. and Speer, K. and Rintoul, S.R.},
    publisher = {Sears Foundation for Marine Research}
}

@article{Morrison2016MechanismsModel,
    title = {{Mechanisms of Southern Ocean heat uptake and transport in a global eddying climate model}},
    year = {2016},
    journal = {Journal of Climate},
    author = {Morrison, Adele K. and Griffies, Stephen M. and Winton, Michael and Anderson, Whit G. and Sarmiento, Jorge L.},
    number = {2015},
    pages = {160122143729005},
    url = {http://journals.ametsoc.org/doi/abs/10.1175/JCLI-D-15-0579.1},
    doi = {10.1175/JCLI-D-15-0579.1},
    issn = {0894-8755}
}

@article{Boccaletti2007MixedRestratification,
    title = {{Mixed Layer Instabilities and Restratification}},
    year = {2007},
    journal = {Journal of Physical Oceanography},
    author = {Boccaletti, Giulio and Ferrari, Raffaele and Fox-Kemper, Baylor},
    number = {9},
    month = {9},
    pages = {2228--2250},
    volume = {37},
    url = {http://journals.ametsoc.org/doi/abs/10.1175/JPO3101.1},
    doi = {10.1175/JPO3101.1},
    keywords = {Heat budgets, Instability}
}

@article{Thurnherr2005MixingFlank,
    title = {{Mixing Associated with Sills in a Canyon on the Midocean Ridge Flank*}},
    year = {2005},
    journal = {Journal of Physical Oceanography},
    author = {Thurnherr, A. M. and St. Laurent, L. C. and Speer, K. G. and Toole, J. M. and Ledwell, J. R. and Thurnherr, A. M. and Laurent, L. C. St. and Speer, K. G. and Toole, J. M. and Ledwell, J. R.},
    number = {8},
    month = {8},
    pages = {1370--1381},
    volume = {35},
    url = {http://journals.ametsoc.org/doi/abs/10.1175/JPO2773.1},
    doi = {10.1175/JPO2773.1},
    issn = {0022-3670}
}

@article{Gargett1995MixingFlux,
    title = {{Mixing Efficiencies in Turbulent Tidal Fronts: Results from Direct and Indirect Measurements of Density Flux}},
    year = {1995},
    journal = {Journal of Physical Oceanography},
    author = {Gargett, Ann E. and Moum, J. N.},
    number = {11},
    month = {11},
    pages = {2583--2608},
    volume = {25},
    url = {http://journals.ametsoc.org/doi/abs/10.1175/1520-0485%281995%29025%3C2583%3AMEITTF%3E2.0.CO%3B2},
    doi = {10.1175/1520-0485(1995)025<2583:MEITTF>2.0.CO;2}
}

@article{Staquet2000MixingExperiments,
    title = {{Mixing in a stably stratified shear layer: two- and three-dimensional numerical experiments}},
    year = {2000},
    journal = {Fluid Dynamics Research},
    author = {Staquet, C},
    number = {6},
    month = {12},
    pages = {367--404},
    volume = {27},
    publisher = {IOP Publishing},
    url = {http://stacks.iop.org/1873-7005/27/i=6/a=A02?key=crossref.7e1be5384b6241d7f7027c49a87e4ad7},
    doi = {10.1016/S0169-5983(00)00020-4},
    issn = {0169-5983}
}

@article{Dohan2010MonitoringSensors,
    title = {{Monitoring Ocean Currents with Satellite Sensors}},
    year = {2010},
    journal = {Oceanography},
    author = {Dohan, Kathleen and Maximenko, Nikolai},
    number = {4},
    pages = {94--103},
    volume = {23},
    url = {http://tos.org/oceanography/article/monitoring-ocean-currents-with-satellite-sensors},
    isbn = {1042-8275},
    doi = {10.5670/oceanog.2010.08},
    issn = {10428275},
    pmid = {20133354}
}

@misc{Munk1998_Abyssal_Recipes_II.pdf,
    title = {{Munk1998{\_}Abyssal{\_}Recipes{\_}II.pdf}}
}

@article{Matsumoto2004NaturalOcean,
    title = {{Natural Radiocarbon Distribution in the Deep Ocean}},
    year = {2004},
    journal = {Global Environmental Change},
    author = {Matsumoto, Katsumi M and Ey, Robert M},
    number = {1981},
    pages = {45--58},
    url = {http://svr4.terrapub.co.jp/e-library/kawahata/pdf/045.pdf},
    isbn = {4-88704-133-0},
    keywords = {antarctic bottom water, circulation experiment, circumpolar deep water, north atlantic deep, ocean general circulation model, ocean ventilation, pacific deep water, radiocarbon, thermohaline circulation, water, woce, world ocean}
}

@article{Sardeshmukh2015NeedStatistics,
    title = {{Need for Caution in Interpreting Extreme Weather Statistics}},
    year = {2015},
    journal = {Journal of Climate},
    author = {Sardeshmukh, Prashant D. and Compo, Gilbert P. and Penland, Cécile},
    number = {23},
    month = {12},
    pages = {9166--9187},
    volume = {28},
    url = {http://journals.ametsoc.org/doi/10.1175/JCLI-D-15-0020.1},
    doi = {10.1175/JCLI-D-15-0020.1},
    issn = {0894-8755}
}

@article{Change2005NoTitle,
    title = {{No Title}},
    year = {2005},
    author = {Change, Climatic},
    pages = {269--279}
}

@article{ChassignetNoTitle,
    title = {{No Title}},
    author = {Chassignet, Eric P and Cheng, Yu and Cotter, Colin J and Deleersnijder, Eric and D{\"{o}}{\"{o}}s, Kristofer and Drake, Henri and Drijfhout, Sybren and Gary, Stefan F and Arnold, W and Macgilchrist, Graeme A and Marsh, Robert and Adame, Gabriela C Mayorga and Nencioli, Francesco and Paris, Claire B and Piggott, Matthew D and Jeff, A},
    keywords = {ocean circulation}
}

@article{Melorose2015NoTitle,
    title = {{No Title No Title}},
    year = {2015},
    journal = {Statewide Agricultural Land Use Baseline 2015},
    author = {Melorose, J. and Perroy, R. and Careas, S.},
    volume = {1},
    isbn = {9788578110796},
    doi = {10.1017/CBO9781107415324.004},
    issn = {1098-6596},
    pmid = {25246403},
    arxivId = {arXiv:1011.1669v3},
    keywords = {icle}
}

@article{Orth1989OBITUARY,
    title = {{OBITUARY John F . D . S . R . C . S .( Eng ), F . F . D . R . C . S .( I ),}},
    year = {1989},
    author = {Orth, D},
    pages = {4356},
    isbn = {0521304210}
}

@article{Loeb2012ObservedUncertainty,
    title = {{Observed changes in top-of-the-atmosphere radiation and upper-ocean heating consistent within uncertainty}},
    year = {2012},
    journal = {Nature Geoscience},
    author = {Loeb, Norman G. and Lyman, John M. and Johnson, Gregory C. and Allan, Richard P. and Doelling, David R. and Wong, Takmeng and Soden, Brian J. and Stephens, Graeme L.},
    number = {2},
    month = {2},
    pages = {110--113},
    volume = {5},
    publisher = {Nature Publishing Group},
    url = {http://www.nature.com/articles/ngeo1375},
    doi = {10.1038/ngeo1375}
}

@article{Toggweiler2008OceanClimate,
    title = {{Ocean circulation in a warming climate}},
    year = {2008},
    journal = {Nature},
    author = {Toggweiler, J. Robbie and Russell, Joellen L.},
    number = {7176},
    pages = {286--288},
    volume = {451},
    url = {http://dx.doi.org/10.1038/nature06590},
    isbn = {0028-0836},
    doi = {10.1038/nature06590},
    issn = {0028-0836},
    pmid = {18202645}
}

@article{Ferrari2009OceanSinks,
    title = {{Ocean Circulation Kinetic Energy: Reservoirs, Sources, and Sinks}},
    year = {2009},
    journal = {Annual Review of Fluid Mechanics},
    author = {Ferrari, Raffaele and Wunsch, Carl},
    number = {1},
    pages = {253--282},
    volume = {41},
    isbn = {0066-4189},
    doi = {10.1146/annurev.fluid.40.111406.102139},
    issn = {0066-4189},
    keywords = {energy spectrum, geostrophic eddies, internal waves, turbulent cascade}
}

@book{Pedlosky1996OceanTheory,
    title = {{Ocean Circulation Theory}},
    year = {1996},
    author = {Pedlosky, Joseph},
    publisher = {Springer Berlin Heidelberg},
    url = {http://link.springer.com/10.1007/978-3-662-03204-6},
    address = {Berlin, Heidelberg},
    isbn = {978-3-642-08224-5},
    doi = {10.1007/978-3-662-03204-6}
}

@article{Gruber2009OceanicCO2,
    title = {{Oceanic sources, sinks, and transport of atmospheric CO2}},
    year = {2009},
    journal = {Global Biogeochemical Cycles},
    author = {Gruber, Nicolas and Gloor, Manuel and Mikaloff Fletcher, Sara E. and Doney, Scott C. and Dutkiewicz, Stephanie and Follows, Michael J. and Gerber, Markus and Jacobson, Andrew R. and Joos, Fortunat and Lindsay, Keith and Menemenlis, Dimitris and Mouchet, Anne and M{\"{u}}ller, Simon A. and Sarmiento, Jorge L. and Takahashi, Taro},
    number = {1},
    pages = {1--21},
    volume = {23},
    isbn = {0886-6236},
    doi = {10.1029/2008GB003349},
    issn = {08866236}
}

@article{Phillips1970OnFluid,
    title = {{On flows induced by diffusion in a stably stratified fluid}},
    year = {1970},
    journal = {Deep-Sea Research and Oceanographic Abstracts},
    author = {Phillips, O. M.},
    number = {3},
    volume = {17},
    isbn = {0011-7471},
    doi = {10.1016/0011-7471(70)90058-6},
    issn = {00117471}
}

@article{koiONHUMIDITY,
    title = {{ON FLUID MOTIONS PRODUCED BY DIFFERENCES OF TEMPERATURE AND HUMIDITY}},
    author = {{\textbackslash}koi, I3y M}
}

@article{Howell2012OnConcentration,
    title = {{On North Pacific circulation and associated marine debris concentration}},
    year = {2012},
    journal = {Marine Pollution Bulletin},
    author = {Howell, Evan A. and Bograd, Steven J. and Morishige, Carey and Seki, Michael P. and Polovina, Jeffrey J.},
    number = {1-3},
    pages = {16--22},
    volume = {65},
    isbn = {1879-3363 (Electronic){\textbackslash}r0025-326X (Linking)},
    doi = {10.1016/j.marpolbul.2011.04.034},
    issn = {0025326X},
    pmid = {21592531},
    keywords = {Garbage patch, Kuroshio Extension Recirculation Gyre, Marine debris, North Pacific, Subtropical Convergence Zone}
}

@article{Wunsch1970OnMixing,
    title = {{On oceanic boundary mixing}},
    year = {1970},
    journal = {Deep-Sea Research and Oceanographic Abstracts},
    author = {Wunsch, Carl},
    number = {2},
    pages = {293--301},
    volume = {17},
    doi = {10.1016/0011-7471(70)90022-7},
    issn = {00117471}
}

@article{Stommel1959OnBasins,
    title = {{On the abyssal circulation of the world ocean — II. An idealized model of the circulation pattern and amplitude in oceanic basins}},
    year = {1959},
    journal = {Deep Sea Research (1953)},
    author = {Stommel, Henry and Arons, A.B.},
    number = {August},
    pages = {217--233},
    volume = {6},
    url = {http://www.sciencedirect.com/science/article/pii/0146631359900759},
    doi = {10.1016/0146-6313(59)90075-9},
    issn = {01466313}
}

@article{Stommel1959OnSphere,
    title = {{On the abyssal circulation of the world ocean—I. Stationary planetary flow patterns on a sphere}},
    year = {1959},
    journal = {Deep Sea Research (1953)},
    author = {Stommel, Henry and Arons, a.B.},
    number = {February},
    pages = {140--154},
    volume = {6},
    doi = {10.1016/0146-6313(59)90065-6},
    issn = {01466313}
}

@article{Arons1967OnBasin,
    title = {{On the abyssal circulation of the World Ocean—III. An advection-lateral mixing model of the distribution of a tracer property in an ocean basin}},
    year = {1967},
    journal = {Deep Sea Research and Oceanographic Abstracts},
    author = {Arons, A.B. and Stommel, Henry},
    number = {4},
    pages = {441--457},
    volume = {14},
    publisher = {Elsevier},
    doi = {10.1016/0011-7471(67)90051-4},
    issn = {00117471}
}

@article{Bolin1961OnTracers,
    title = {{On the abyssal circulation of the world ocean—IV: Origin and rate of circulation of deep ocean water as determined with the aid of tracers}},
    year = {1961},
    journal = {Deep Sea Research (1953)},
    author = {Bolin, Bert and Stommel, Henry},
    number = {2},
    pages = {95--110},
    volume = {8},
    publisher = {Elsevier},
    doi = {10.1016/0146-6313(61)90002-8},
    issn = {01466313}
}

@article{Stommel1972OnCurrents,
    title = {{On the abyssal circulation of the world ocean—V. The influence of bottom slope on the broadening of inertial boundary currents}},
    year = {1972},
    journal = {Deep Sea Research and Oceanographic Abstracts},
    author = {Stommel, Henry and Arons, Arnold B},
    number = {10},
    pages = {707--718},
    volume = {19},
    publisher = {Elsevier},
    doi = {10.1016/0011-7471(72)90062-9},
    issn = {00117471}
}

@article{deLavergne2016OnOcean,
    title = {{On the Consumption of Antarctic Bottom Water in the Abyssal Ocean}},
    year = {2016},
    journal = {Journal of Physical Oceanography},
    author = {de Lavergne, Casimir and Madec, Gurvan and Le Sommer, Julien and Nurser, A. J. George and Naveira Garabato, Alberto C.},
    number = {2},
    month = {2},
    pages = {635--661},
    volume = {46},
    url = {http://journals.ametsoc.org/doi/10.1175/JPO-D-14-0201.1},
    doi = {10.1175/JPO-D-14-0201.1},
    keywords = {Abyssal circulation, Circulation/Dynamics, Diapycnal mixing, Internal waves, Upwelling/downwelling}
}

@article{Kuhlbrodt2007OnCirculation,
    title = {{On the driving processes of the Atlantic meridional overturning circulation}},
    year = {2007},
    journal = {Atlantic},
    author = {Kuhlbrodt, T and Griesel, a and Montoya, M and Levermann, a and Hofmann, M and Rahmstorf, S},
    number = {2004},
    pages = {RG2001},
    volume = {45},
    url = {http://www.agu.org/pubs/crossref/2007/2004RG000166.shtml},
    isbn = {2007101029},
    doi = {10.1029/2004RG000166.1.INTRODUCTION},
    issn = {87551209},
    keywords = {driven upwelling, http://dx.doi.org/10.1029/2004RG000166, doi:10.102}
}

@article{Einstein1905OnKorper,
    title = {{On the electrodynamics of moving bodies (Zur Elektrodynamik bewegter K{\"{o}}rper)}},
    year = {1905},
    journal = {Annalen der Physik},
    author = {Einstein, Albert},
    pages = {891},
    volume = {17},
    url = {http://ganapathymani.com/On the electrodymics of moving bodies.pdf},
    isbn = {0435582003},
    doi = {10.1002/andp.19053221004},
    issn = {0003-3804},
    pmid = {2006},
    arxivId = {physics/0512200}
}

@article{Toggweiler1998OnMixing,
    title = {{On the Ocean’s Large-Scale Circulation near the Limit of No Vertical Mixing}},
    year = {1998},
    journal = {Journal of Physical Oceanography},
    author = {Toggweiler, J R and Samuels, B},
    number = {9},
    pages = {1832--1852},
    volume = {28},
    url = {http://dx.doi.org/10.1175/1520-0485(1998)028<1832:OTOSLS>2.0.CO\n2},
    isbn = {0022-3670},
    doi = {10.1175/1520-0485(1998)028<1832:OTOSLS>2.0.CO;2},
    issn = {0022-3670},
    pmid = {2148298}
}

@article{Walin1982OnOcean,
    title = {{On the relation between sea-surface heat flow and thermal circulation in the ocean}},
    year = {1982},
    journal = {Tellus},
    author = {Walin, Gösta},
    number = {2},
    month = {4},
    pages = {187--195},
    volume = {34},
    publisher = {Wiley/Blackwell (10.1111)},
    url = {http://tellusa.net/index.php/tellusa/article/view/10801},
    doi = {10.1111/j.2153-3490.1982.tb01806.x}
}

@article{Haine2008OnModels,
    title = {{On transit-time distributions in unsteady circulation models}},
    year = {2008},
    journal = {Ocean Modelling},
    author = {Haine, T. W N and Zhang, H. and Waugh, D. W. and Holzer, M.},
    number = {1-2},
    pages = {35--45},
    volume = {21},
    isbn = {1463-5003},
    doi = {10.1016/j.ocemod.2007.11.004},
    issn = {14635003},
    keywords = {Circulation models, Tracers, Transit-time distribution}
}

@article{vanSebille2012OriginDrifters,
    title = {{Origin, dynamics and evolution of ocean garbage patches from observed surface drifters}},
    year = {2012},
    journal = {Environmental Research Letters},
    author = {van Sebille, Erik and England, Matthew H and Froyland, Gary},
    number = {4},
    pages = {1--6},
    volume = {7},
    url = {http://stacks.iop.org/1748-9326/7/i=4/a=044040?key=crossref.8575675042bdb07866c752a02bbc1668},
    isbn = {1748-9326},
    doi = {10.1088/1748-9326/7/4/044040},
    issn = {1748-9326},
    keywords = {ekman dynamics, marine debris, ocean surface circulation, surface drifting buoys}
}

@article{Nikurashin2013OverturningOcean,
    title = {{Overturning circulation driven by breaking internal waves in the deep ocean}},
    year = {2013},
    journal = {Geophysical Research Letters},
    author = {Nikurashin, Maxim and Ferrari, Raffaele},
    number = {12},
    month = {6},
    pages = {3133--3137},
    volume = {40},
    publisher = {Wiley-Blackwell},
    url = {http://doi.wiley.com/10.1002/grl.50542},
    doi = {10.1002/grl.50542},
    issn = {00948276},
    keywords = {internal tides, internal waves, lee waves, overturning circulation, turbulent mixing, water‐mass transformation}
}

@article{Fox-Kemper2008ParameterizationDiagnosis,
    title = {{Parameterization of Mixed Layer Eddies. Part I: Theory and Diagnosis}},
    year = {2008},
    journal = {Journal of Physical Oceanography},
    author = {Fox-Kemper, Baylor and Ferrari, Raffaele and Hallberg, Robert},
    number = {6},
    month = {6},
    pages = {1145--1165},
    volume = {38},
    url = {http://journals.ametsoc.org/doi/abs/10.1175/2007JPO3792.1},
    doi = {10.1175/2007JPO3792.1}
}

@article{Fox-Kemper2008ParameterizationImpact,
    title = {{Parameterization of Mixed Layer Eddies. Part II: Prognosis and Impact}},
    year = {2008},
    journal = {Journal of Physical Oceanography},
    author = {Fox-Kemper, Baylor and Ferrari, Raffaele},
    pages = {1166--1179},
    volume = {38},
    isbn = {0022-3670},
    doi = {10.1175/2007JPO3788.1},
    issn = {0022-3670}
}

@book{Lerman1995PhysicsLakes,
    title = {{Physics and chemistry of lakes}},
    year = {1995},
    author = {Lerman, Abraham and Imboden, Dieter M. and Gat, Joel and Chou, Lei},
    pages = {334},
    isbn = {9783642851346}
}

@article{Jansson2010Phytosequestration:Engineering,
    title = {{Phytosequestration: Carbon Biosequestration by Plants and the Prospects of Genetic Engineering}},
    year = {2010},
    journal = {BioScience},
    author = {Jansson, Christer and Wullschleger, Stan D. and Kalluri, Udaya C. and Tuskan, Gerald a.},
    number = {9},
    pages = {685--696},
    volume = {60},
    isbn = {0006-3568},
    doi = {10.1525/bio.2010.60.9.6},
    issn = {0006-3568},
    keywords = {1 gt 5, be around 3170 gigatons, bioenergy crops, carbon dioxide, carbon sequestration, co 2, e, genetic engineering, gt, i, in terrestrial, organic and inorganic c, phytosequestration, synthetic uptake of atmospheric, systems is estimated to, the total c stock}
}

@misc{Polzin1995_Finescale_parameterization.pdf,
    title = {{Polzin1995{\_}Finescale{\_}parameterization.pdf}}
}

@article{Barker2011PressureImpacts,
    title = {{Pressure Sensor Drifts in Argo and Their Impacts}},
    year = {2011},
    journal = {Journal of Atmospheric and Oceanic Technology},
    author = {Barker, Paul M. and Dunn, Jeff R. and Domingues, Catia M. and Wijffels, Susan E.},
    number = {8},
    month = {8},
    pages = {1036--1049},
    volume = {28},
    url = {http://journals.ametsoc.org/doi/abs/10.1175/2011JTECHO831.1},
    doi = {10.1175/2011JTECHO831.1},
    issn = {0739-0572}
}

@article{Barker2011PressureImpactsb,
    title = {{Pressure Sensor Drifts in Argo and Their Impacts}},
    year = {2011},
    journal = {Journal of Atmospheric and Oceanic Technology},
    author = {Barker, Paul M. and Dunn, Jeff R. and Domingues, Catia M. and Wijffels, Susan E.},
    number = {8},
    month = {8},
    pages = {1036--1049},
    volume = {28},
    url = {http://journals.ametsoc.org/doi/abs/10.1175/2011JTECHO831.1},
    doi = {10.1175/2011JTECHO831.1},
    issn = {0739-0572}
}

@article{Soomere2013PreventiveControl,
    title = {{Preventive methods for coastal protection: Towards the use of ocean dynamics for pollution control}},
    year = {2013},
    journal = {Preventive Methods for Coastal Protection: Towards the Use of Ocean Dynamics for Pollution Control},
    author = {Soomere, Tarmo and Quak, Ewald},
    pages = {1--442},
    isbn = {9783319004402},
    doi = {10.1007/978-3-319-00440-2}
}

@article{Morrison1970ProjectNarrative,
    title = {{Project narrative}},
    year = {1970},
    author = {Morrison, Adele},
    number = {iii},
    pages = {1--7}
}

@article{Matsumoto2007Radiocarbon-basedOceans,
    title = {{Radiocarbon-based circulation age of the world oceans}},
    year = {2007},
    journal = {Journal of Geophysical Research: Oceans},
    author = {Matsumoto, Katsumi},
    number = {9},
    pages = {1--7},
    volume = {112},
    isbn = {0148-0227},
    doi = {10.1029/2007JC004095},
    issn = {21699291}
}

@misc{Ramanathan_convective_radiative.pdf,
    title = {{Ramanathan{\_}convective{\_}radiative.pdf}}
}

@article{Watson2013RapidRelease,
    title = {{Rapid cross-density ocean mixing at mid-depths in the Drake Passage measured by tracer release}},
    year = {2013},
    journal = {Nature},
    author = {Watson, Andrew J. and Ledwell, James R. and Messias, Marie-José and King, Brian A. and Mackay, Neill and Meredith, Michael P. and Mills, Benjamin and Naveira Garabato, Alberto C.},
    number = {7467},
    month = {9},
    pages = {408--411},
    volume = {501},
    publisher = {Nature Publishing Group},
    url = {http://www.nature.com/articles/nature12432},
    doi = {10.1038/nature12432},
    issn = {0028-0836},
    keywords = {Physical oceanography}
}

@article{Waugh2013RecentOceans,
    title = {{Recent changes in the ventilation of the southern oceans}},
    year = {2013},
    journal = {Science (New York, N.Y.)},
    author = {Waugh, Darryn W and Primeau, Francois and Devries, Tim and Holzer, Mark},
    number = {6119},
    pages = {568--70},
    volume = {339},
    isbn = {1095-9203},
    doi = {10.1126/science.1225411},
    issn = {1095-9203},
    pmid = {23372011},
    keywords = {Antarctic Regions, Chlorofluorocarbons, Chlorofluorocarbons: analysis, Oceans and Seas, Ozone Depletion, Seasons, Wind}
}

@article{Waugh2013RecentOceansb,
    title = {{Recent changes in the ventilation of the southern oceans}},
    year = {2013},
    journal = {Science (New York, N.Y.)},
    author = {Waugh, Darryn W and Primeau, Francois and Devries, Tim and Holzer, Mark},
    number = {6119},
    pages = {568--70},
    volume = {339},
    isbn = {1095-9203},
    doi = {10.1126/science.1225411},
    issn = {1095-9203},
    pmid = {23372011},
    keywords = {Antarctic Regions, Chlorofluorocarbons, Chlorofluorocarbons: analysis, Oceans and Seas, Ozone Depletion, Seasons, Wind}
}

@article{Klocker2013ReconcilingDiffusivities,
    title = {{Reconciling float-based and tracer-based estimates of lateral diffusivities}},
    year = {2013},
    journal = {Journal of Marine {\ldots}},
    author = {Klocker, a and Ferrari, R and LaCasce, J H},
    pages = {1--34},
    url = {http://www.ingentaconnect.com/content/jmr/jmr/2012/00000070/00000004/art00001\npapers2://publication/uuid/DB34833C-BD4F-41A6-9E42-F6BB2D547FCE},
    doi = {10.1357/002224012805262743},
    issn = {00222402}
}

@article{Armi1979ReplyGarrett,
    title = {{Reply to Comments by C. Garrett}},
    year = {1979},
    journal = {Journal of Geophysical Research},
    author = {Armi, Laurence},
    number = {C8},
    month = {8},
    pages = {5097},
    volume = {84},
    publisher = {Wiley-Blackwell},
    url = {http://doi.wiley.com/10.1029/JC084iC08p05097},
    doi = {10.1029/JC084iC08p05097},
    issn = {0148-0227}
}

@article{Armi1979ReplyGarrettb,
    title = {{Reply to Comments by C. Garrett}},
    year = {1979},
    journal = {Journal of Geophysical Research},
    author = {Armi, Laurence},
    number = {C8},
    month = {8},
    pages = {5097},
    volume = {84},
    publisher = {Wiley-Blackwell},
    url = {http://doi.wiley.com/10.1029/JC084iC08p05097},
    doi = {10.1029/JC084iC08p05097},
    issn = {0148-0227}
}

@article{Marshall2003Residual-MeanCirculation,
    title = {{Residual-Mean Solutions for the Antarctic Circumpolar Current and Its Associated Overturning Circulation}},
    year = {2003},
    journal = {Journal of Physical Oceanography},
    author = {Marshall, John and Radko, Timour},
    number = {11},
    pages = {2341--2354},
    volume = {33},
    url = {http://dx.doi.org/10.1175/1520-0485(2003)033<2341:RSFTAC>2.0.CO;2},
    isbn = {0022-3670},
    doi = {10.1175/1520-0485(2003)033<2341:RSFTAC>2.0.CO;2},
    issn = {0022-3670}
}

@article{Callies2018RestratificationEddies,
    title = {{Restratification of Abyssal Mixing Layers by Submesoscale Baroclinic Eddies}},
    year = {2018},
    journal = {Journal of Physical Oceanography},
    author = {Callies, Jörn},
    month = {7},
    pages = {18--0082},
    url = {http://journals.ametsoc.org/doi/10.1175/JPO-D-18-0082.1},
    doi = {10.1175/JPO-D-18-0082.1}
}

@article{Hosegood2008RestratificationDimension,
    title = {{Restratification of the Surface Mixed Layer with Submesoscale Lateral Density Gradients: Diagnosing the Importance of the Horizontal Dimension}},
    year = {2008},
    journal = {Journal of Physical Oceanography},
    author = {Hosegood, P. J. and Gregg, M. C. and Alford, M. H.},
    number = {11},
    pages = {2438--2460},
    volume = {38},
    url = {http://journals.ametsoc.org/doi/full/10.1175/2008JPO3843.1},
    isbn = {0022-3670},
    doi = {10.1175/2008JPO3843.1},
    issn = {0022-3670},
    keywords = {Field experiments, Mixed layer, Ocean models, Small scale processes, Subgrid-scale processes}
}

@article{Stevens2015RethinkingForcing,
    title = {{Rethinking the Lower Bound on Aerosol Radiative Forcing}},
    year = {2015},
    journal = {Journal of Climate},
    author = {Stevens, Bjorn},
    number = {12},
    month = {6},
    pages = {4794--4819},
    volume = {28},
    url = {http://journals.ametsoc.org/doi/10.1175/JCLI-D-14-00656.1},
    doi = {10.1175/JCLI-D-14-00656.1},
    issn = {0894-8755}
}

@article{Holmes2018RidgesOcean,
    title = {{Ridges, Seamounts, Troughs, and Bowls: Topographic Control of the Dianeutral Circulation in the Abyssal Ocean}},
    year = {2018},
    journal = {Journal of Physical Oceanography},
    author = {Holmes, Ryan M. and de Lavergne, Casimir and McDougall, Trevor J.},
    number = {4},
    month = {4},
    pages = {861--882},
    volume = {48},
    url = {http://journals.ametsoc.org/doi/10.1175/JPO-D-17-0141.1},
    doi = {10.1175/JPO-D-17-0141.1},
    keywords = {Abyssal circulation, Boundary layer, Diapycnal mixing, Mass fluxes/transport, Meridional overturning circulation, Topographic effects}
}

@article{Roussenov2004RolePacific,
    title = {{Role of bottom water transport and diapycnic mixing in determining the radiocarbon distribution in the Pacific}},
    year = {2004},
    journal = {Journal of Geophysical Research C: Oceans},
    author = {Roussenov, Vassil and Williams, Richard G. and Follows, Michael J. and Key, Robert M.},
    number = {6},
    pages = {1--18},
    volume = {109},
    doi = {10.1029/2003JC002188},
    issn = {01480227},
    keywords = {Deep circulation, Pacific Ocean, Radiocarbon modeling}
}

@article{Krasting2018RoleUncertainty,
    title = {{Role of Ocean Model Formulation in Climate Response Uncertainty}},
    year = {2018},
    journal = {Journal of Climate},
    author = {Krasting, John P. and Stouffer, Ronald J. and Griffies, Stephen M. and Hallberg, Robert W. and Malyshev, Sergey L. and Samuels, Bonita L. and Sentman, Lori T.},
    month = {9},
    pages = {18--0035},
    url = {http://journals.ametsoc.org/doi/10.1175/JCLI-D-18-0035.1},
    doi = {10.1175/JCLI-D-18-0035.1}
}

@article{Nikurashin2012RoutesOcean,
    title = {{Routes to energy dissipation for geostrophic flows in the Southern Ocean}},
    year = {2012},
    journal = {Nature Geoscience},
    author = {Nikurashin, Maxim and Vallis, Geoffrey K. and Adcroft, Alistair},
    number = {1},
    pages = {48--51},
    volume = {6},
    publisher = {Nature Publishing Group},
    url = {http://www.nature.com/doifinder/10.1038/ngeo1657},
    isbn = {1752-0894},
    doi = {10.1038/ngeo1657},
    issn = {1752-0894}
}

@article{Callies2015SeasonalityTurbulence.,
    title = {{Seasonality in submesoscale turbulence.}},
    year = {2015},
    journal = {Nature communications},
    author = {Callies, Jörn and Ferrari, Raffaele and Klymak, Jody M and Gula, Jonathan},
    pages = {6862},
    volume = {6},
    url = {http://www.nature.com/ncomms/2015/150421/ncomms7862/full/ncomms7862.html},
    doi = {10.1038/ncomms7862},
    issn = {2041-1723},
    pmid = {25897832}
}

@article{Hallberg2013SensitivityFormulation,
    title = {{Sensitivity of Twenty-First-Century Global-Mean Steric Sea Level Rise to Ocean Model Formulation}},
    year = {2013},
    journal = {Journal of Climate},
    author = {Hallberg, Robert and Adcroft, Alistair and Dunne, John P. and Krasting, John P. and Stouffer, Ronald J.},
    number = {9},
    month = {5},
    pages = {2947--2956},
    volume = {26},
    url = {http://journals.ametsoc.org/doi/abs/10.1175/JCLI-D-12-00506.1},
    doi = {10.1175/JCLI-D-12-00506.1}
}

@article{Egbert2000SignificantData,
    title = {{Significant dissipation of tidal energy in the deep ocean inferred from{\\\}satellite altimeter data}},
    year = {2000},
    journal = {Nature},
    author = {Egbert, G. D. and Ray, R. D.},
    number = {6788},
    month = {6},
    pages = {775--778},
    volume = {405},
    publisher = {Nature Publishing Group},
    url = {http://www.nature.com/doifinder/10.1038/35015531},
    doi = {10.1038/35015531},
    issn = {00280836}
}

@article{Delworth2012SimulatedModel,
    title = {{Simulated Climate and Climate Change in the GFDL CM2.5 High-Resolution Coupled Climate Model}},
    year = {2012},
    journal = {Journal of Climate},
    author = {Delworth, Thomas L. and Rosati, Anthony and Anderson, Whit and Adcroft, Alistair J. and Balaji, V. and Benson, Rusty and Dixon, Keith and Griffies, Stephen M. and Lee, Hyun-Chul and Pacanowski, Ronald C. and Vecchi, Gabriel A. and Wittenberg, Andrew T. and Zeng, Fanrong and Zhang, Rong},
    number = {8},
    month = {4},
    pages = {2755--2781},
    volume = {25},
    url = {http://journals.ametsoc.org/doi/abs/10.1175/JCLI-D-11-00316.1},
    doi = {10.1175/JCLI-D-11-00316.1},
    issn = {0894-8755}
}

@article{Burls2014SimulatingAlbedo,
    title = {{Simulating Pliocene warmth and a permanent El Ni{\~{n}}o-like state: The role of cloud albedo}},
    year = {2014},
    journal = {Paleoceanography},
    author = {Burls, N. J. and Fedorov, A. V.},
    number = {10},
    pages = {893--910},
    volume = {29},
    doi = {10.1002/2014PA002644},
    issn = {19449186},
    keywords = {Pliocene climate, cloud albedo}
}

@article{Hostetler1990SimulationOregon,
    title = {{Simulation of lake evaporation with application to modeling lake level variations of Harney-Malheur Lake, Oregon}},
    year = {1990},
    journal = {Water Resources Research},
    author = {Hostetler, S. W. and Bartlein, P. J.},
    number = {10},
    month = {10},
    pages = {2603--2612},
    volume = {26},
    publisher = {Wiley-Blackwell},
    url = {http://doi.wiley.com/10.1029/WR026i010p02603},
    doi = {10.1029/WR026i010p02603},
    issn = {00431397}
}

@article{Armi1978SomeOcean,
    title = {{Some evidence for boundary mixing in the deep Ocean}},
    year = {1978},
    journal = {Journal of Geophysical Research},
    author = {Armi, Laurence},
    number = {C4},
    month = {4},
    pages = {1971},
    volume = {83},
    publisher = {Wiley-Blackwell},
    url = {http://doi.wiley.com/10.1029/JC083iC04p01971},
    doi = {10.1029/JC083iC04p01971},
    issn = {0148-0227}
}

@article{Armi1978SomeOceanb,
    title = {{Some evidence for boundary mixing in the deep Ocean}},
    year = {1978},
    journal = {Journal of Geophysical Research},
    author = {Armi, Laurence},
    number = {C4},
    month = {4},
    pages = {1971},
    volume = {83},
    publisher = {Wiley-Blackwell},
    url = {http://doi.wiley.com/10.1029/JC083iC04p01971},
    doi = {10.1029/JC083iC04p01971},
    issn = {0148-0227}
}

@article{Heuze2013SouthernModels,
    title = {{Southern Ocean bottom water characteristics in CMIP5 models}},
    year = {2013},
    journal = {Geophysical Research Letters},
    author = {Heuz{\'{e}}, Céline and Heywood, Karen J. and Stevens, David P. and Ridley, Jeff K.},
    number = {7},
    month = {4},
    pages = {1409--1414},
    volume = {40},
    publisher = {Wiley-Blackwell},
    url = {http://doi.wiley.com/10.1002/grl.50287},
    doi = {10.1002/grl.50287},
    keywords = {Bottom Water, CMIP5, Southern Ocean, climate models}
}

@article{Sallee2010SouthernVentilation,
    title = {{Southern Ocean Thermocline Ventilation}},
    year = {2010},
    journal = {Journal of Physical Oceanography},
    author = {Sall{\'{e}}e, Jean-Baptiste and Speer, Kevin and Rintoul, Steve and Wijffels, S.},
    number = {3},
    pages = {509--529},
    volume = {40},
    isbn = {1520-0485},
    doi = {10.1175/2009JPO4291.1},
    issn = {0022-3670}
}

@article{Ninove2016SpatialObservations,
    title = {{Spatial scales of temperature and salinity variability estimated from Argo observations}},
    year = {2016},
    journal = {Ocean Science},
    author = {Ninove, F. and Le Traon, P. Y. and Remy, E. and Guinehut, S.},
    number = {1},
    pages = {1--7},
    volume = {12},
    doi = {10.5194/os-12-1-2016},
    issn = {18120792}
}

@article{Griffies2000SpuriousModel,
    title = {{Spurious Diapycnal Mixing Associated with Advection in a <i>z</i> -Coordinate Ocean Model}},
    year = {2000},
    journal = {Monthly Weather Review},
    author = {Griffies, Stephen M. and Pacanowski, Ronald C. and Hallberg, Robert W.},
    number = {3},
    month = {3},
    pages = {538--564},
    volume = {128},
    url = {http://journals.ametsoc.org/doi/abs/10.1175/1520-0493%282000%29128%3C0538%3ASDMAWA%3E2.0.CO%3B2},
    doi = {10.1175/1520-0493(2000)128<0538:SDMAWA>2.0.CO;2}
}

@misc{Weaver1993StabilityCirculation,
    title = {{Stability and Variability of the Thermohaline Circulation}},
    year = {1993},
    booktitle = {Journal of Physical Oceanography},
    author = {Weaver, Andrew J. and Marotzke, Jochem and Cummins, Patrick F. and Sarachik, E. S.},
    number = {1},
    pages = {39--60},
    volume = {23},
    doi = {10.1175/1520-0485(1993)023<0039:SAVOTT>2.0.CO;2},
    issn = {0022-3670}
}

@article{Wenegrat2018SubmesoscaleLayer,
    title = {{Submesoscale Baroclinic Instability in the Bottom Boundary Layer}},
    year = {2018},
    journal = {Journal of Physical Oceanography},
    author = {Wenegrat, Jacob O. and Callies, Jörn and Thomas, Leif N.},
    month = {6},
    pages = {17--0264},
    url = {http://journals.ametsoc.org/doi/10.1175/JPO-D-17-0264.1},
    doi = {10.1175/JPO-D-17-0264.1}
}

@article{Girton2011SubmesoscaleDynamics,
    title = {{Submesoscale Mixed Layer Dynamics}},
    year = {2011},
    author = {Girton, James},
    pages = {1--15}
}

@article{Allen2013TechnicalSummary,
    title = {{Technical Summary}},
    year = {2013},
    journal = {Climate Change 2013: The Physical Science Basis. Contribution of Working Group I to the Fifth Assessment Report of the Intergovernmental Panel on Climate Change},
    author = {Allen, Simon K and Bindoff, Nathaniel L and France, François-marie Bréon and Cubasch, Ulrich and Uk, Myles R Allen and France, Olivier Boucher and Hesselbjerg, Jens and Denmark, Christensen and France, Philippe Ciais and Uk, Matthew Collins and Vasconcellos, Viviane and Feely, Richard A},
    pages = {33--115}
}

@article{Edenhofer2014TechnicalSummary,
    title = {{Technical Summary}},
    year = {2014},
    journal = {Climate Change 2014: Mitigation of climate change. Contribution of Working Group III to the Fifth Assessment Report of the Intergovernmental Panel on Climate Change},
    author = {Edenhofer, Ottmar and Pichs-Madruga, Ramon and Sokona, Youba and Kadner, Susanne and Minx, Jan and Brunner, Steffen and Agrawala, S. and Baiocchi, G. and Bashmakov, I.A. and Blanco, G. and Broome, J. and Bruckner, T. and Bustamante, M. and Clarke, L. and Conte Grand, M. and Creutzig, F. and Cruz-N{\'{u}}{\~{n}}ez, X. and Dhakal, S. and Dubash, N.K. and Eickemeier, P. and Farahani, E. and Fischedick, M. and Fleurbaey, M. and Gerlagh, R. and G{\'{o}}mez-Echeverri, L. and Gupta, S. and Harnisch, J. and Jiang, K. and Jotzo, F. and Kartha, S. and Klasen, S. and Kolstad, C. and Krey, V. and Kunreuther, H. and Lucon, O. and Masera, O. and Mulugetta, Y. and Norgaard, R.B. and Patt, A. and Ravindranath, N.H. and Riahi, L. and Roy, J. and Sagar, A. and Schaeffer, R. and Schl{\"{o}}mer, S. and Seto, K.C. and Seyboth, K. and Sims, R. and Smith, P. and Somanathan, E. and Stavins, R. and von Stechow, C. and Sterner, T. and Sugiyama, T. and Suh, S. and {\"{U}}rge-Vorsatz, D. and Urama, K. and Venables, A. and Victor, D. G. and Weber, E. and Zhou, D. and Zou, J. and Zwickel, T.},
    pages = {33--107},
    isbn = {1316395375},
    doi = {10.1103/PhysRevD.70.106002},
    issn = {14764687},
    pmid = {166626221}
}

@article{Solomon2007TechnicalSummary,
    title = {{Technical summary}},
    year = {2007},
    journal = {Wmo.Int},
    author = {Solomon, S and Qin, D and Manning, M and Alley, RB},
    pages = {21--83},
    url = {http://www.wmo.int/pages/prog/wcrp/pdf/IPCC_AR4_TechnicalSummary.pdf\nhttp://ecite.utas.edu.au/50315}
}

@article{Stommel1957TheOcean,
    title = {{The Abyssal Circulation of the Ocean}},
    year = {1957},
    journal = {Nature},
    author = {Stommel, H.},
    number = {4589},
    month = {10},
    pages = {733--734},
    volume = {180},
    url = {http://www.nature.com/doifinder/10.1038/180733a0},
    doi = {10.1038/180733a0}
}

@article{England1995TheModel,
    title = {{The Age of Water and Ventilation Timescales in a Global Ocean Model}},
    year = {1995},
    journal = {Journal of Physical Oceanography},
    author = {England, Matthew H.},
    pages = {2756--2777},
    volume = {25}
}

@article{Thompson2008TheCurrent.,
    title = {{The atmospheric ocean: eddies and jets in the Antarctic Circumpolar Current.}},
    year = {2008},
    journal = {Philosophical transactions. Series A, Mathematical, physical, and engineering sciences},
    author = {Thompson, Andrew F},
    number = {September},
    pages = {4529--4541},
    volume = {366},
    isbn = {1364-503X (Print){\textbackslash}n1364-503X (Linking)},
    doi = {10.1098/rsta.2008.0196},
    issn = {1364-503X},
    pmid = {18818151},
    keywords = {antarctic circumpolar current, mesoscale eddies, zonal jets}
}

@article{Thompson2008TheCurrent.b,
    title = {{The atmospheric ocean: eddies and jets in the Antarctic Circumpolar Current.}},
    year = {2008},
    journal = {Philosophical transactions. Series A, Mathematical, physical, and engineering sciences},
    author = {Thompson, Andrew F},
    number = {September},
    pages = {4529--4541},
    volume = {366},
    isbn = {1364-503X (Print){\textbackslash}n1364-503X (Linking)},
    doi = {10.1098/rsta.2008.0196},
    issn = {1364-503X},
    pmid = {18818151},
    keywords = {antarctic circumpolar current, mesoscale eddies, zonal jets}
}

@article{Pedlosky1992TheCirculation,
    title = {{The Baroclinic Structure of the Abyssal Circulation}},
    year = {1992},
    journal = {Journal of Physical Oceanography},
    author = {Pedlosky, Joseph},
    number = {6},
    month = {6},
    pages = {652--659},
    volume = {22},
    doi = {10.1175/1520-0485(1992)022<0652:TBSOTA>2.0.CO;2}
}

@article{Deleersnijder2001TheResults,
    title = {{The concept of age in marine modelling I. Theory and preliminary model results}},
    year = {2001},
    journal = {Journal of Marine Systems},
    author = {Deleersnijder, Eric and Campin, Jean Michel and Delhez, E. J M},
    number = {3-4},
    pages = {229--267},
    volume = {28},
    isbn = {0924-7963},
    doi = {10.1016/S0924-7963(01)00026-4},
    issn = {09247963},
    keywords = {Age, Age of seawater, English Channel, North Sea, Radioisotope, Tracer, World Ocean}
}

@article{Doos1994TheOcean,
    title = {{The Deacon Cell and the Other Meridional Cells of the Southern Ocean}},
    year = {1994},
    journal = {Journal of Physical Oceanography},
    author = {D{\"{o}}{\"{o}}s, Kristofer and Webb, David J.},
    number = {2},
    month = {2},
    pages = {429--442},
    volume = {24},
    url = {http://journals.ametsoc.org/doi/abs/10.1175/1520-0485%281994%29024%3C0429%3ATDCATO%3E2.0.CO%3B2},
    doi = {10.1175/1520-0485(1994)024<0429:TDCATO>2.0.CO;2}
}

@article{Abernathey2011TheStress,
    title = {{The Dependence of Southern Ocean Meridional Overturning on Wind Stress}},
    year = {2011},
    journal = {Journal of Physical Oceanography},
    author = {Abernathey, Ryan and Marshall, John and Ferreira, David},
    number = {12},
    pages = {2261--2278},
    volume = {41},
    url = {http://dx.doi.org/10.1175/JPO-D-11-023.1},
    isbn = {0022-3670},
    doi = {10.1175/JPO-D-11-023.1},
    issn = {0022-3670}
}

@article{Holzer2006TheConveyor,
    title = {{The diffusive ocean conveyor}},
    year = {2006},
    journal = {Geophysical Research Letters},
    author = {Holzer, Mark and Primeau, Fran??ois W.},
    number = {14},
    pages = {1--5},
    volume = {33},
    doi = {10.1029/2006GL026232},
    issn = {00948276}
}

@article{Mackin2012TheSciences,
    title = {{The effectiveness of rotating tank experiments in teaching undergraduate courses in atmospheres, Oceans, and climate sciences}},
    year = {2012},
    journal = {Journal of Geoscience Education},
    author = {Mackin, K J and Cook-Smith, N and Illari, L and Marshall, J and Sadler, P},
    number = {1},
    pages = {67--82},
    volume = {60},
    url = {http://www.scopus.com/inward/record.url?eid=2-s2.0-84857394943&partnerID=40&md5=517896fcb7d61dac7321273a2063f5b6},
    isbn = {10899995 (ISSN)},
    doi = {10.5408/10-194.1},
    issn = {1089-9995},
    keywords = {Atmospheric and oceanic sciences, Climate, Education science experiments, Education testing and evaluation, Education undergraduate, Fluids, Geophysical fluid dynamics, Rotating fluids, Teaching and curriculum, United States, curriculum, fluid dynamics, geography education, higher education, learning, rotating fluid, teaching}
}

@article{Manabe1975TheModel,
    title = {{The Effects of Doubling the CO2 Concentration on the climate of a General Circulation Model}},
    year = {1975},
    journal = {Journal of the Atmospheric Sciences},
    author = {Manabe, Syukuro and Wetherald, Richard T.},
    number = {1},
    month = {1},
    pages = {3--15},
    volume = {32},
    url = {http://journals.ametsoc.org/doi/abs/10.1175/1520-0469%281975%29032%3C0003%3ATEODTC%3E2.0.CO%3B2},
    doi = {10.1175/1520-0469(1975)032<0003:TEODTC>2.0.CO;2}
}

@article{Held2005TheModeling,
    title = {{The gap between simulation and understanding in climate modeling}},
    year = {2005},
    journal = {Bulletin of the American Meteorological Society},
    author = {Held, Isaac M.},
    number = {11},
    pages = {1609--1614},
    volume = {86},
    isbn = {0003-0007},
    doi = {10.1175/BAMS-86-11-1609},
    issn = {00030007},
    pmid = {19000501}
}

@article{Jayne2009TheModel,
    title = {{The Impact of Abyssal Mixing Parameterizations in an Ocean General Circulation Model}},
    year = {2009},
    journal = {Journal of Physical Oceanography},
    author = {Jayne, Steven R.},
    number = {7},
    month = {7},
    pages = {1756--1775},
    volume = {39},
    doi = {10.1175/2009JPO4085.1}
}

@article{Collins2010TheNino,
    title = {{The impact of global warming on the tropical Pacific Ocean and El Nino}},
    year = {2010},
    journal = {Nature Geoscience},
    author = {Collins, Mat and An, Soon-Il and Cai, Wenju and Ganachaud, Alexandre and Guilyardi, Eric and Jin, Fei-Fei and Jochum, Markus and Lengaigne, Matthieu and Power, Scott and Timmermann, Axel and Vecchi, Gabe and Wittenberg, Andrew},
    number = {6},
    pages = {391--397},
    volume = {3},
    url = {http://dx.doi.org/10.1038/ngeo868},
    isbn = {1752-0894},
    doi = {10.1038/NGEO868},
    issn = {1752-0894}
}

@article{Edwards1995TheCirculation,
    title = {{The Influence of Distributed Sources and Upwelling on the Baroclinic Structure of the Abyssal Circulation}},
    year = {1995},
    journal = {Journal of Physical Oceanography},
    author = {Edwards, Christopher A. and Pedlosky, Joseph},
    number = {10},
    month = {10},
    pages = {2259--2284},
    volume = {25},
    url = {http://journals.ametsoc.org/doi/abs/10.1175/1520-0485%281995%29025%3C2259%3ATIODSA%3E2.0.CO%3B2},
    doi = {10.1175/1520-0485(1995)025<2259:TIODSA>2.0.CO;2}
}

@article{Yang2012TheFeedbacks,
    title = {{The Initiation of Modern “Soft Snowball” and “Hard Snowball” Climates in CCSM3. Part II: Climate Dynamic Feedbacks}},
    year = {2012},
    journal = {Journal of Climate},
    author = {Yang, Jun and Peltier, W. Richard and Hu, Yongyun},
    number = {8},
    month = {4},
    pages = {2737--2754},
    volume = {25},
    url = {http://journals.ametsoc.org/doi/abs/10.1175/JCLI-D-11-00190.1},
    doi = {10.1175/JCLI-D-11-00190.1},
    issn = {0894-8755}
}

@article{Hill2018TheUSA,
    title = {{The Lake-Catchment (LakeCat) Dataset: characterizing landscape features for lake basins within the conterminous USA}},
    year = {2018},
    journal = {Freshwater Science},
    author = {Hill, Ryan A. and Weber, Marc H. and Debbout, Rick M. and Leibowitz, Scott G. and Olsen, Anthony R.},
    number = {2},
    month = {6},
    pages = {208--221},
    volume = {37},
    publisher = {University of Chicago PressChicago, IL},
    url = {http://www.journals.uchicago.edu/doi/10.1086/697966},
    doi = {10.1086/697966},
    issn = {2161-9549},
    keywords = {National Hydrography Dataset (NHD), National Lakes Assessment (NLA), StreamCat Dataset, chlorophyll a, eutrophication, lakes, landscape descriptors, macrosystems ecology, watersheds}
}

@article{LaCasce2010TheACC,
    title = {{The linear models of the ACC}},
    year = {2010},
    journal = {Progress in Oceanography},
    author = {LaCasce, J. H. and Isachsen, P. E.},
    number = {3-4},
    pages = {139--157},
    volume = {84},
    publisher = {Elsevier Ltd},
    url = {http://dx.doi.org/10.1016/j.pocean.2009.11.002},
    doi = {10.1016/j.pocean.2009.11.002},
    issn = {00796611}
}

@article{Gebbie2012TheHistories,
    title = {{The Mean Age of Ocean Waters Inferred from Radiocarbon Observations: Sensitivity to Surface Sources and Accounting for Mixing Histories}},
    year = {2012},
    journal = {Journal of Physical Oceanography},
    author = {Gebbie, Geoffrey and Huybers, Peter},
    number = {2},
    pages = {291--305},
    volume = {42},
    url = {http://journals.ametsoc.org/doi/full/10.1175/JPO-D-11-043.1},
    isbn = {0022-3670},
    doi = {10.1175/JPO-D-11-043.1},
    issn = {0022-3670},
    keywords = {Mass fluxes/transport, North Pacific Ocean, Ocean circulation, Optimization, Tracers, Variational analysis}
}

@article{LEcuyer2015TheCentury,
    title = {{The Observed State of the Energy Budget in the Early Twenty-First Century}},
    year = {2015},
    journal = {Journal of Climate},
    author = {L’Ecuyer, Tristan S. and Beaudoing, H. K. and Rodell, M. and Olson, W. and Lin, B. and Kato, S. and Clayson, C. A. and Wood, E. and Sheffield, J. and Adler, R. and Huffman, G. and Bosilovich, M. and Gu, G. and Robertson, F. and Houser, P. R. and Chambers, D. and Famiglietti, J. S. and Fetzer, E. and Liu, W. T. and Gao, X. and Schlosser, C. A. and Clark, E. and Lettenmaier, D. P. and Hilburn, K.},
    number = {21},
    month = {11},
    pages = {8319--8346},
    volume = {28},
    url = {http://journals.ametsoc.org/doi/10.1175/JCLI-D-14-00556.1},
    doi = {10.1175/JCLI-D-14-00556.1},
    issn = {0894-8755}
}

@article{Rodell2015TheCentury,
    title = {{The Observed State of the Water Cycle in the Early Twenty-First Century}},
    year = {2015},
    journal = {Journal of Climate},
    author = {Rodell, M. and Beaudoing, H. K. and L’Ecuyer, T. S. and Olson, W. S. and Famiglietti, J. S. and Houser, P. R. and Adler, R. and Bosilovich, M. G. and Clayson, C. A. and Chambers, D. and Clark, E. and Fetzer, E. J. and Gao, X. and Gu, G. and Hilburn, K. and Huffman, G. J. and Lettenmaier, D. P. and Liu, W. T. and Robertson, F. R. and Schlosser, C. A. and Sheffield, J. and Wood, E. F.},
    number = {21},
    month = {11},
    pages = {8289--8318},
    volume = {28},
    url = {http://journals.ametsoc.org/doi/10.1175/JCLI-D-14-00555.1},
    doi = {10.1175/JCLI-D-14-00555.1},
    issn = {0894-8755}
}

@article{Robinson1959TheCirculation,
    title = {{The Oceanic Thermocline and the Associated Thermohaline Circulation}},
    year = {1959},
    journal = {Tellus},
    author = {Robinson, Allan and Stommel, Henry},
    number = {3},
    month = {8},
    pages = {295--308},
    volume = {11},
    publisher = {Wiley/Blackwell (10.1111)},
    url = {http://tellusa.net/index.php/tellusa/article/view/9317},
    doi = {10.1111/j.2153-3490.1959.tb00035.x}
}

@article{Sverdrup1942TheBiology,
    title = {{The Oceans: Their Physics, Chemistry and General Biology}},
    year = {1942},
    journal = {Oceanography},
    author = {Sverdrup, H. and Johnson, M. and Fleming, R.},
    pages = {1104},
    isbn = {9788578110796},
    doi = {10.2307/210609},
    issn = {0262033054},
    pmid = {999999},
    arxivId = {arXiv:1011.1669v3},
    keywords = {Oceanography.}
}

@article{Primeau2006TheVentilation-Rate,
    title = {{The Ocean’s Memory of the Atmosphere: Residence-Time and Ventilation-Rate}},
    year = {2006},
    journal = {Journal of Physical Oceanography},
    author = {Primeau, François and Holzer, Mark},
    pages = {1439--1456},
    volume = {36}
}

@article{Ballarotta2013TheNeeded,
    title = {{The residual circulation of the Southern Ocean: Which spatio-temporal scales are needed?}},
    year = {2013},
    journal = {Ocean Modelling},
    author = {Ballarotta, Maxime and Drijfhout, Sybren and Kuhlbrodt, Till and D{\"{o}}{\"{o}}s, Kristofer},
    pages = {46--55},
    volume = {64},
    url = {http://dx.doi.org/10.1016/j.ocemod.2013.01.005},
    isbn = {1463-5003},
    doi = {10.1016/j.ocemod.2013.01.005},
    issn = {14635003},
    keywords = {Bolus, Deacon Cell, Overturning, Southern Ocean, Stream function}
}

@article{Mason1994TheChange,
    title = {{The response of lake levels and areas to climatic change}},
    year = {1994},
    journal = {Climatic Change},
    author = {Mason, I. M. and Guzkowska, M. A. J. and Rapley, C. G. and Street-Perrott, F. A.},
    number = {2},
    month = {6},
    pages = {161--197},
    volume = {27},
    publisher = {Kluwer Academic Publishers},
    url = {http://link.springer.com/10.1007/BF01093590},
    doi = {10.1007/BF01093590},
    issn = {0165-0009}
}

@article{St.Laurent2002TheOcean,
    title = {{The Role of Internal Tides in Mixing the Deep Ocean}},
    year = {2002},
    journal = {Journal of Physical Oceanography},
    author = {St. Laurent, Louis and Garrett, Chris},
    number = {10},
    month = {10},
    pages = {2882--2899},
    volume = {32},
    url = {http://journals.ametsoc.org/doi/abs/10.1175/1520-0485%282002%29032%3C2882%3ATROITI%3E2.0.CO%3B2},
    doi = {10.1175/1520-0485(2002)032<2882:TROITI>2.0.CO;2}
}

@article{Farneti2010TheWinds,
    title = {{The Role of Mesoscale Eddies in the Remote Oceanic Response to Altered Southern Hemisphere Winds}},
    year = {2010},
    journal = {Journal of Physical Oceanography},
    author = {Farneti, Riccardo and Delworth, Thomas L.},
    number = {1999},
    pages = {2348--2354},
    volume = {40},
    isbn = {0022-3670},
    doi = {10.1175/2010JPO4480.1},
    issn = {0022-3670}
}

@article{Farneti2010TheWindsb,
    title = {{The Role of Mesoscale Eddies in the Remote Oceanic Response to Altered Southern Hemisphere Winds}},
    year = {2010},
    journal = {Journal of Physical Oceanography},
    author = {Farneti, Riccardo and Delworth, Thomas L.},
    number = {1999},
    pages = {2348--2354},
    volume = {40},
    isbn = {0022-3670},
    doi = {10.1175/2010JPO4480.1},
    issn = {0022-3670}
}

@incollection{Veronis1975TheStudies,
    title = {{The role of models in tracer studies}},
    year = {1975},
    booktitle = {Numerical Models of Ocean Circulation},
    author = {Veronis, George},
    pages = {133--146},
    publisher = {National Academy of Sciences},
    address = {Washington, D.C.}
}

@article{Garrett1990TheMixing,
    title = {{The role of secondary circulation in boundary mixing}},
    year = {1990},
    journal = {Journal of Geophysical Research},
    author = {Garrett, Chris},
    number = {C3},
    month = {3},
    pages = {3181},
    volume = {95},
    publisher = {Wiley-Blackwell},
    url = {http://doi.wiley.com/10.1029/JC095iC03p03181},
    doi = {10.1029/JC095iC03p03181},
    issn = {0148-0227}
}

@article{Rasool1970TheAtmosphere,
    title = {{The runaway greenhouse and the accumulation of CO2 in the Venus atmosphere}},
    year = {1970},
    journal = {Nature},
    author = {Rasool, S I and De Bergh, C},
    number = {5250},
    pages = {1037--1039},
    volume = {226},
    url = {http://www.google.de/search?client=safari&rls=en-us&q=The+runaway+greenhouse+and+the+accumulation+of+CO2+in+the+Venus+atmosphere&ie=UTF-8&oe=UTF-8&redir_esc=&ei=OnSgT4ulJIzR4QSDutSDAw\npapers://0be24a46-325a-4116-a3c6-fd8a3b614472/Paper/p11693},
    doi = {10.1038/2261037a0},
    issn = {0028-0836},
    pmid = {16057644}
}

@article{Rintoul2011TheSystem,
    title = {{The Southern Ocean in the Earth System}},
    year = {2011},
    journal = {Science Diplomacy},
    author = {Rintoul, Stephen R},
    pages = {175--187},
    isbn = {978-1-935623-06-9},
    doi = {10.5479/si.xxxxxxxxxxxxx},
    keywords = {Antarctic Treaty, Marine Systems, Southern Ocean}
}

@article{NaveiraGarabato2014TheEra,
    title = {{The three-dimensional overturning circulation of the Southern Ocean during the WOCE era}},
    year = {2014},
    journal = {Progress in Oceanography},
    author = {Naveira Garabato, Alberto C. and Williams, Adam P. and Bacon, Sheldon},
    pages = {41--78},
    volume = {120},
    publisher = {Elsevier Ltd},
    url = {http://dx.doi.org/10.1016/j.pocean.2013.07.018},
    doi = {10.1016/j.pocean.2013.07.018},
    issn = {00796611}
}

@article{Wunsch2005ThePartition,
    title = {{The total meridional heat flux and its oceanic and atmospheric partition}},
    year = {2005},
    journal = {Journal of Climate},
    author = {Wunsch, Carl},
    number = {21},
    pages = {4374--4380},
    volume = {18},
    doi = {10.1175/JCLI3539.1},
    issn = {08948755}
}

@article{Cael2017TheLakes,
    title = {{The volume and mean depth of Earth's lakes}},
    year = {2017},
    journal = {Geophysical Research Letters},
    author = {Cael, B. B. and Heathcote, A. J. and Seekell, D. A.},
    number = {1},
    month = {1},
    pages = {209--218},
    volume = {44},
    publisher = {Wiley-Blackwell},
    url = {http://doi.wiley.com/10.1002/2016GL071378},
    doi = {10.1002/2016GL071378},
    issn = {00948276},
    keywords = {limnology, mean depth, scaling, topograhy, volume}
}

@article{Stommel1948TheCurrents,
    title = {{The westward intensification of wind-driven ocean currents}},
    year = {1948},
    journal = {Transactions, American Geophysical Union},
    author = {Stommel, Henry},
    number = {2},
    month = {4},
    pages = {202},
    volume = {29},
    publisher = {Wiley-Blackwell},
    url = {http://doi.wiley.com/10.1029/TR029i002p00202},
    doi = {10.1029/TR029i002p00202},
    issn = {0002-8606}
}

@article{Winters2015TidallyTopography,
    title = {{Tidally driven mixing and dissipation in the stratified boundary layer above steep submarine topography}},
    year = {2015},
    journal = {Geophysical Research Letters},
    author = {Winters, K. B.},
    number = {17},
    month = {9},
    pages = {7123--7130},
    volume = {42},
    publisher = {John Wiley {\&} Sons, Ltd},
    url = {http://doi.wiley.com/10.1002/2015GL064676},
    doi = {10.1002/2015GL064676},
    issn = {00948276},
    keywords = {mixing and dissipation, sloping topography, stratified boundary layer, tide‐topography interaction}
}

@article{Simmons2004TidallyCirculation,
    title = {{Tidally driven mixing in a numerical model of the ocean general circulation}},
    year = {2004},
    journal = {Ocean Modelling},
    author = {Simmons, Harper L. and Jayne, Steven R. and Laurent, Louis C.St. and Weaver, Andrew J.},
    number = {3-4},
    month = {1},
    pages = {245--263},
    volume = {6},
    publisher = {Elsevier},
    doi = {10.1016/S1463-5003(03)00011-8}
}

@article{Christy2016TimeSimulations,
    title = {{Time series construction of summer surface temperatures for Alabama, 1883-2014, and comparisons with tropospheric temperature and climate model simulations}},
    year = {2016},
    journal = {Journal of Applied Meteorology and Climatology},
    author = {Christy, John R. and McNider, Richard T.},
    number = {3},
    pages = {811--826},
    volume = {55},
    doi = {10.1175/JAMC-D-15-0287.1},
    issn = {15588432},
    keywords = {Climate records, Model evaluation/performance, Surface observations, Surface temperature}
}

@article{GrayTitleOcean,
    title = {{Title : Direct observation of the three-dimensional meridional overturning circulation in the Southern Ocean}},
    author = {Gray, Authors Alison and Riser, Stephen}
}

@article{Stommel1992ToOceqnus,
    title = {{to Oceqnus}},
    year = {1992},
    author = {Stommel, Henry and Stommel, Henry and Cullen, Vicky and Clark, Lisa and Gaffron, Barbara and Young, Jeanne and Schneider, Ellen and Doucette, Jayne and Wilson, Stanley},
    volume = {35}
}

@article{Franklin1774ToHttp://rstl.royalsocietypublishing.org/subscriptions,
    title = {{To subscribe to Phil. Trans. , go to: http://rstl.royalsocietypublishing.org/subscriptions}},
    year = {1774},
    journal = {Philos. Trans. R. Soc. London},
    author = {Franklin, B. and Brownrigg, W. and Farish, M.},
    pages = {445--460},
    volume = {64},
    doi = {10.1098/rstl.1763.0053}
}

@article{Abernathey2014TopographicEquilibration,
    title = {{Topographic Enhancement of Eddy Efficiency in Baroclinic Equilibration}},
    year = {2014},
    journal = {Journal of Physical Oceanography},
    author = {Abernathey, Ryan and Cessi, Paola},
    number = {8},
    pages = {2107--2126},
    volume = {44},
    url = {http://journals.ametsoc.org/doi/abs/10.1175/JPO-D-14-0014.1},
    isbn = {0022-3670},
    doi = {10.1175/JPO-D-14-0014.1},
    issn = {0022-3670},
    keywords = {Baroclinic flows, Circulation/ Dynamics, Geographic location/entity, Mesoscale processes, Orographic effects, Southern Ocean}
}

@article{Mashayek2017TopographicOcean,
    title = {{Topographic enhancement of vertical turbulent mixing in the Southern Ocean}},
    year = {2017},
    journal = {Nature Communications},
    author = {Mashayek, A. and Ferrari, R. and Merrifield, S. and Ledwell, J. R. and St Laurent, L. and Garabato, A. Naveira},
    month = {3},
    pages = {14197},
    volume = {8},
    publisher = {Nature Publishing Group},
    url = {http://www.nature.com/doifinder/10.1038/ncomms14197},
    doi = {10.1038/ncomms14197},
    issn = {2041-1723},
    keywords = {Fluid dynamics, Physical oceanography}
}

@article{Gula2016TopographicDissipation,
    title = {{Topographic generation of submesoscale centrifugal instability and energy dissipation}},
    year = {2016},
    journal = {Nature Communications},
    author = {Gula, Jonathan and Molemaker, M. Jeroen and McWilliams, James C.},
    month = {9},
    pages = {12811},
    volume = {7},
    publisher = {Nature Publishing Group},
    url = {http://www.nature.com/doifinder/10.1038/ncomms12811},
    doi = {10.1038/ncomms12811},
    issn = {2041-1723},
    keywords = {Physical oceanography}
}

@article{Loder1980TopographicBank,
    title = {{Topographic Rectification of Tidal Currents on the Sides of Georges Bank}},
    year = {1980},
    journal = {Journal of Physical Oceanography},
    author = {Loder, John W.},
    number = {9},
    month = {9},
    pages = {1399--1416},
    volume = {10},
    url = {http://journals.ametsoc.org/doi/abs/10.1175/1520-0485%281980%29010%3C1399%3ATROTCO%3E2.0.CO%3B2},
    doi = {10.1175/1520-0485(1980)010<1399:TROTCO>2.0.CO;2}
}

@article{Delhez1999TowardModelling,
    title = {{Toward a general theory of the age in ocean modelling}},
    year = {1999},
    journal = {Ocean Modelling},
    author = {Delhez, Eric J.M. and Campin, Jean-Michel and Hirst, Anthony C. and Deleersnijder, Eric},
    number = {1},
    pages = {17--27},
    volume = {1},
    url = {http://www.sciencedirect.com/science/article/pii/S1463500399000037},
    isbn = {1463-5003},
    doi = {10.1016/S1463-5003(99)00003-7},
    issn = {14635003},
    keywords = {Age, Age of seawater, Radioisotope, Tracer}
}

@article{Loeb2009TowardBudget,
    title = {{Toward Optimal Closure of the Earth's Top-of-Atmosphere Radiation Budget}},
    year = {2009},
    journal = {Journal of Climate},
    author = {Loeb, Norman G. and Wielicki, Bruce A. and Doelling, David R. and Smith, G. Louis and Keyes, Dennis F. and Kato, Seiji and Manalo-Smith, Natividad and Wong, Takmeng},
    number = {3},
    month = {2},
    pages = {748--766},
    volume = {22},
    url = {http://journals.ametsoc.org/doi/abs/10.1175/2008JCLI2637.1},
    doi = {10.1175/2008JCLI2637.1}
}

@article{Plumb2005TransformedFlow,
    title = {{Transformed Eulerian-Mean Theory. Part I: Nonquasigeostrophic Theory for Eddies on a Zonal-Mean Flow}},
    year = {2005},
    journal = {Journal of Physical Oceanography},
    author = {Plumb, R. Alan and Ferrari, Raffaele},
    number = {2},
    month = {2},
    pages = {165--174},
    volume = {35},
    url = {http://journals.ametsoc.org/doi/abs/10.1175/JPO-2669.1},
    doi = {10.1175/JPO-2669.1}
}

@article{Holzer2000Transit-TimeFlows,
    title = {{Transit-Time and Tracer-Age Distributions in Geophysical Flows}},
    year = {2000},
    journal = {Journal of the Atmospheric Sciences},
    author = {Holzer, Mark and Hall, Timothy M.},
    number = {21},
    pages = {3539--3558},
    volume = {57},
    isbn = {0022-4928},
    doi = {10.1175/1520-0469(2000)057<3539:TTATAD>2.0.CO;2},
    issn = {0022-4928}
}

@article{Clement2017TurbulentRidge,
    title = {{Turbulent Mixing in a Deep Fracture Zone on the Mid-Atlantic Ridge}},
    year = {2017},
    journal = {Journal of Physical Oceanography},
    author = {Cl{\'{e}}ment, Louis and Thurnherr, Andreas M. and St. Laurent, Louis C.},
    number = {8},
    month = {8},
    pages = {1873--1896},
    volume = {47},
    url = {http://journals.ametsoc.org/doi/10.1175/JPO-D-16-0264.1},
    doi = {10.1175/JPO-D-16-0264.1}
}

@article{Alan1950Turing.Intelligence,
    title = {{Turing. Computing machinery and intelligence}},
    year = {1950},
    journal = {Mind},
    author = {Alan, M},
    number = {236},
    pages = {433--460},
    volume = {59},
    url = {papers2://publication/uuid/E74CAAC6-F3DD-47E7-AEA6-5FB511730877},
    isbn = {1-4020-9624-0 (paperback), 1-4020-6708-9 (hardcover), 1-4020-6710-0 (e-book)},
    doi = {http://dx.doi.org/10.1007/978-1-4020-6710-5{\_}3},
    issn = {0026-4423},
    pmid = {18684640},
    arxivId = {10.2307/2251299}
}

@article{Ferrari2016TurningDown,
    title = {{Turning Ocean Mixing Upside Down}},
    year = {2016},
    journal = {Journal of Physical Oceanography},
    author = {Ferrari, Raffaele and Mashayek, Ali and McDougall, Trevor J. and Nikurashin, Maxim and Campin, Jean-Michael},
    number = {7},
    month = {7},
    pages = {2239--2261},
    volume = {46},
    url = {http://journals.ametsoc.org/doi/10.1175/JPO-D-15-0244.1},
    doi = {10.1175/JPO-D-15-0244.1}
}

@article{Roemmich2015Unabated2006,
    title = {{Unabated planetary warming and its ocean structure since 2006}},
    year = {2015},
    journal = {Nature Climate Change},
    author = {Roemmich, Dean and Church, John and Gilson, John and Monselesan, Didier and Sutton, Philip and Wijffels, Susan},
    number = {February},
    pages = {2--7},
    volume = {5},
    url = {http://www.nature.com/doifinder/10.1038/nclimate2513},
    isbn = {1758-678X},
    doi = {10.1038/nclimate2513},
    issn = {1758-678X}
}

@article{Khatiwala2012VentilationAge,
    title = {{Ventilation of the deep ocean constrained with tracer observations and implications for radiocarbon estimates of ideal mean age}},
    year = {2012},
    journal = {Earth and Planetary Science Letters},
    author = {Khatiwala, S. and Primeau, F. and Holzer, M.},
    pages = {116--125},
    volume = {325-326},
    publisher = {Elsevier B.V.},
    url = {http://dx.doi.org/10.1016/j.epsl.2012.01.038},
    doi = {10.1016/j.epsl.2012.01.038},
    issn = {0012821X},
    keywords = {Green function, Ideal mean age, Inverse modeling, Ocean ventilation, Radiocarbon age, Tracers}
}

@article{Wunsch2004VERTICALOCEANS,
    title = {{VERTICAL MIXING, ENERGY, AND THE GENERAL CIRCULATION OF THE OCEANS}},
    year = {2004},
    journal = {Annual Review of Fluid Mechanics},
    author = {Wunsch, Carl and Ferrari, Raffaele},
    number = {1},
    month = {1},
    pages = {281--314},
    volume = {36},
    publisher = {Annual Reviews},
    doi = {10.1146/annurev.fluid.36.050802.122121},
    keywords = {ocean circulation, ocean circulation energy, ocean mixing}
}

@article{PurkeyWarmingBudgets,
    title = {{Warming of Global Abyssal and Deep Southern Ocean Waters between the 1990s and 2000s: Contributions to Global Heat and Sea Level Rise Budgets*}},
    author = {Purkey, Sarah G and Johnson, Gregory C},
    doi = {10.1175/2010JCLI3682.1}
}

@article{Levitus2005Warming19552003,
    title = {{Warming of the world ocean, 1955–2003}},
    year = {2005},
    journal = {Geophysical Research Letters},
    author = {Levitus, S. and Antonov, J. and Boyer, T.},
    number = {2},
    pages = {L02604},
    volume = {32},
    publisher = {Wiley-Blackwell},
    url = {http://doi.wiley.com/10.1029/2004GL021592},
    doi = {10.1029/2004GL021592},
    issn = {0094-8276}
}

@article{Levitus2005Warming19552003b,
    title = {{Warming of the world ocean, 1955–2003}},
    year = {2005},
    journal = {Geophysical Research Letters},
    author = {Levitus, S. and Antonov, J. and Boyer, T.},
    number = {2},
    month = {1},
    pages = {L02604},
    volume = {32},
    publisher = {Wiley-Blackwell},
    url = {http://doi.wiley.com/10.1029/2004GL021592},
    doi = {10.1029/2004GL021592},
    issn = {0094-8276}
}

@article{Abernathey2016Water-massOceanoverturning,
    title = {{Water-mass transformation by sea ice in the upper branch of the Southern Ocean overturning}},
    year = {2016},
    journal = {Nature Geoscience},
    author = {Abernathey, Ryan P. and Cerovecki, Ivana and Holland, Paul R. and Newsom, Emily and Mazloff, Matt and Talley, Lynne D.},
    number = {8},
    month = {8},
    pages = {596--601},
    volume = {9},
    publisher = {Nature Publishing Group},
    url = {http://www.nature.com/articles/ngeo2749},
    doi = {10.1038/ngeo2749}
}

@article{Graphy2014WhatControl,
    title = {{What goes down must come up Sound processing takes motor control}},
    year = {2014},
    author = {Graphy, O C E A N O},
    pages = {7--8}
}

@article{Denchev2016WhatTunneling,
    title = {{What is the computational value of finite-range tunneling?}},
    year = {2016},
    journal = {Physical Review X},
    author = {Denchev, Vasil S. and Boixo, Sergio and Isakov, Sergei V. and Ding, Nan and Babbush, Ryan and Smelyanskiy, Vadim and Martinis, John and Neven, Hartmut},
    number = {3},
    pages = {1--17},
    volume = {6},
    doi = {10.1103/PhysRevX.6.031015},
    issn = {21603308},
    arxivId = {1512.02206}
}

@article{Gouretski2004WOCEClimatology,
    title = {{WOCE global hydrographic climatology}},
    year = {2004},
    journal = {Berichte des BSH},
    author = {Gouretski, Viktor and Koltermann, Klaus Peter},
    pages = {1--52},
    volume = {35}
}

@article{Levitus2012World1955-2010,
    title = {{World ocean heat content and thermosteric sea level change (0-2000 m), 1955-2010}},
    year = {2012},
    journal = {Geophysical Research Letters},
    author = {Levitus, S. and Antonov, J. I. and Boyer, T. P. and Baranova, O. K. and Garcia, H. E. and Locarnini, R. A. and Mishonov, A. V. and Reagan, J. R. and Seidov, D. and Yarosh, E. S. and Zweng, M. M.},
    number = {10},
    month = {5},
    pages = {n/a-n/a},
    volume = {39},
    publisher = {Wiley-Blackwell},
    url = {http://doi.wiley.com/10.1029/2012GL051106},
    doi = {10.1029/2012GL051106},
    issn = {00948276},
    keywords = {climate variability, ocean heat content}
}

@article{1970Group,
    title = {{{\textcopyright} 1970 Nature Publishing Group}},
    year = {1970},
    journal = {Nature publishing},
    number = {24},
    pages = {361--362},
    volume = {228}
}